@inproceedings{li2019metadedup,
    author       = {Li, Jingwei and Lee, Patrick PC and Ren, Yanjing and Zhang, Xiaosong},
    booktitle    = {2019 35th Symposium on Mass Storage Systems and Technologies (MSST)},
    organization = {IEEE},
    pages        = {269--281},
    title        = {Metadedup: Deduplicating metadata in encrypted deduplication via indirection},
    year         = {2019}
}

@inproceedings{li2020balancing,
    author    = {Li, Jingwei and Yang, Zuoru and Ren, Yanjing and Lee, Patrick PC and Zhang, Xiaosong},
    booktitle = {Proceedings of the Fifteenth European Conference on Computer Systems},
    pages     = {1--15},
    title     = {Balancing storage efficiency and data confidentiality with tunable encrypted deduplication},
    year      = {2020}
}

@article{li2021enabling,
    author    = {Li, Jingwei and Huang, Suyu and Ren, Yanjing and Yang, Zuoru and Lee, Patrick PC and Zhang, Xiao-song and Hao, Yao},
    journal   = {IEEE Transactions on Computers},
    publisher = {IEEE},
    title     = {Enabling Secure and Space-Efficient Metadata Management in Encrypted Deduplication},
    year      = {2021}
}

@inproceedings{li2022revisiting,
    author    = {Li, Jingwei and Wei, Guoli and Liang, Jiacheng and Ren, Yanjing and Lee, Patrick PC and Zhang, Xiaosong},
    booktitle = {2022 IEEE International Conference on Computer Communications (INFOCOM 22)},
    title     = {Revisiting Frequency Analysis against Encrypted Deduplication via Statistical Distribution},
    year      = {2021}
}

@inproceedings{ren2021accelerating,
    author    = {Ren, Yanjing and Li, Jingwei and Yang, Zuoru and Lee, Patrick PC and Zhang, Xiaosong},
    booktitle = {2021 USENIX Annual Technical Conference (USENIX ATC 21)},
    pages     = {957--971},
    title     = {Accelerating Encrypted Deduplication via $\{$SGX$\}$},
    year      = {2021}
}

@article{yang2022tunable,
    author    = {Yang, Zuoru and Li, Jingwei and Ren, Yanjing and Lee, Patrick PC and Zhang, Xiaosong},
    journal   = {ACM Transactions on Storage},
    publisher = {ACM},
    title     = {Tunable Encrypted Deduplication with Attack-Resilient Key Management},
    year      = {2022}
}