% This file was created with JabRef 2.10.
% Encoding: Cp1252


@inproceedings{abadi13,
    title     = {Message-locked encryption for lock-dependent messages},
    author    = {Mart{\'\i}n Abadi and Dan Boneh and Ilya Mironov and Ananth Raghunathan and Gil Segev},
    booktitle = {Proc. of CRYPTO},
    year      = {2013}
}

@inproceedings{adya02,
    title     = {FARSITE: Federated, available, and reliable storage for an incompletely trusted environment},
    author    = {Adya, Atul and Bolosky, William J and Castro, Miguel and Cermak, Gerald and Chaiken, Ronnie and Douceur, John R and Howell, Jon and Lorch, Jacob R and Theimer, Marvin and Wattenhofer, Roger P},
    booktitle = {Proc. of ACM OSDI},
    year      = {2002}
}

@inproceedings{ahmad18,
    title     = {OBLIVIATE: A Data Oblivious File System for {Intel SGX}},
    author    = {Ahmad, Adil and Kim, Kyungtae and Sarfaraz, Muhammad Ihsanulhaq and Lee, Byoungyoung},
    booktitle = {Proc. of NDSS},
    year      = {2018}
}

@inproceedings{anderson10,
    title     = {Fast and Secure Laptop Backups with Encrypted De-duplication},
    author    = {Anderson, Paul and Zhang, Le},
    booktitle = {Proc. of USENIX LISA},
    year      = {2010}
}

@inproceedings{armknecht15,
    title     = {Transparent Data Deduplication in the Cloud},
    author    = {Armknecht, Frederik and Bohli, Jens-Matthias and Karame, Ghassan O and Youssef, Franck},
    booktitle = {Proc. of ACM CCS},
    year      = {2015}
}

@inproceedings{armknecht17,
    title     = {Side Channels in Deduplication: Trade-offs between Leakage and Efficiency},
    author    = {Frederik Armknecht and Colin Boyd and Gareth T. Davies and Kristian Gj{\o}steen and Mohsen Toorani},
    booktitle = {Proc. of ACM ASIACCS},
    year      = {2017}
}

@inproceedings{arnautov16,
    title     = {SCONE: Secure Linux Containers with {Intel SGX}},
    author    = {Arnautov, Sergei and Trach, Bohdan and Gregor, Franz and Knauth, Thomas and Martin, Andre and Priebe, Christian and Lind, Joshua and Muthukumaran, Divya and O'keeffe, Dan and Stillwell, Mark and others},
    booktitle = {Proc. of USENIX OSDI},
    year      = {2016}
}

@inproceedings{ateniese07,
    title     = {Provable Data Possession at Untrusted Stores},
    author    = {Giuseppe Ateniese and Randal Burns and Reza Curtmola and Joseph Herring and Lea Kissner and Zachary Peterson and Dawn Song},
    booktitle = {Proc. of ACM CCS},
    year      = {2007}
}

@inproceedings{bailleu19,
    title     = {{SPEICHER}: Securing {LSM}-based Key-Value Stores using Shielded Execution},
    author    = {Maurice Bailleu and J\"{o}rg Thalheim and Pramod Bhatotia and Christof Fetzer and Michio Honda and Kapil Vaswani},
    booktitle = {Proc. of USENIX FAST},
    year      = {2019}
}

@misc{nist,
    title        = {Recommendation for Key Management, Part 1: General},
    author       = {Elaine Barker},
    howpublished = {\url{https://csrc.nist.gov/publications/detail/sp/800-57-part-1/rev-4/final}},
    year         = {2016}
}

@inproceedings{baumann14,
    title     = {Shielding Applications from an Untrusted Cloud with {Haven}},
    author    = {Andrew Baumann and Marcus Peinado and Galen Hunt},
    booktitle = {Proc. of USENIX OSDI},
    year      = {2014}
}

@inproceedings{bellare15,
    title     = {Interactive message-locked encryption and secure deduplication},
    author    = {Bellare, Mihir and Keelveedhi, Sriram},
    booktitle = {Proc. of IACR PKC},
    year      = {2015}
}

@inproceedings{bellare13a,
    title     = {Message-locked Encryption and Secure Deduplication},
    author    = {Bellare, Mihir and Keelveedhi, Sriram and Ristenpart, Thomas},
    booktitle = {Proc. of EuroCrypt},
    year      = {2013}
}

@inproceedings{bellare13b,
    title     = {{DupLESS}: server-aided encryption for deduplicated storage},
    author    = {Bellare, Mihir and Keelveedhi, Sriram and Ristenpart, Thomas},
    booktitle = {Proc. of USENIX Security},
    year      = {2013}
}

@inproceedings{bellare00,
    title     = {Authenticated Encryption: Relations among Notions and Analysis of the Generic Composition Paradigm},
    author    = {Mihir Bellare and Chanathip Namprempre},
    booktitle = {Proc. of AsiaCrypt},
    year      = {2000}
}

@inproceedings{hhagwat09,
    title     = {Extreme Binning: Scalable, parallel deduplication for chunk-based file backup},
    author    = {Deepavali Bhagwat and Kave Eshghi and Darrell D. E. Long and Mark Lillibridge},
    booktitle = {Proc. of IEEE MASCOTS},
    year      = {2009}
}

@inproceedings{black06,
    title     = {Compare-by-Hash: A Reasoned Analysis},
    author    = {John Black},
    booktitle = {Proc. of USENIX ATC},
    year      = {2006}
}

@inproceedings{brasser17,
    title     = {Software Grand Exposure: {SGX} Cache Attacks Are Practical},
    author    = {Brasser, Ferdinand and M{\"u}ller, Urs and Dmitrienko, Alexandra and Kostiainen, Kari and Capkun, Srdjan and Sadeghi, Ahmad-Reza},
    booktitle = {Proc. of USENIX WOOT},
    year      = {2017}
}

@inproceedings{bulck18,
    title     = {FORESHADOW: Extracting the Keys to the {Intel SGX} Kingdom with Transient Out-of-Order Execution},
    author    = {Jo Van Bulck and Marina Minkin and Ofir Weisse and Daniel Genkin and Baris Kasikci and Frank Piessens and Mark Silberstein and Thomas F. Wenisch and Yuval Yarom and Raoul Strackx},
    booktitle = {Proc. of USENIX Security},
    year      = {2018}
}

@inproceedings{cao19,
    title     = {Sliding Look-back Window Assisted Data Chunk Rewriting for Improving Deduplication Restore Performance},
    author    = {Cao, Zhichao and Liu, Shiyong and Wu, Fenggang and Wang, Guohua and Li, Bingzhe and Du, David HC},
    booktitle = {Proc. of USENIX FAST},
    year      = {2019}
}

@inproceedings{cao18,
    title     = {{ALACC}: Accelerating Restore Performance of Data Deduplication Systems using Adaptive Look-ahead Window Assisted Chunk Caching},
    author    = {Cao, Zhichao and Wen, Hao and Wu, Fenggang and Du, David HC},
    booktitle = {Proc. of USENIX FAST},
    year      = {2018}
}

@inproceedings{contiu18,
    title     = {{IBBE-SGX}: Cryptographic Group Access Control Using Trusted Execution Environments},
    author    = {Stefan Contiu and Rafael Pires and S\'{e}bastien Vaucher and Marcelo Pasin and Pascal Felber and Laurent R\'{e}veill\`{e}re},
    booktitle = {Proc. of IEEE/IFIP DSN},
    year      = {2018}
}

@inproceedings{cox02,
    title     = {Pastiche: Making backup cheap and easy},
    author    = {Cox, Landon P and Murray, Christopher D and Noble, Brian D},
    booktitle = {Proc. of ACM OSDI},
    year      = {2002}
}

@inproceedings{cui19,
    title     = {{SPEED}: Accelerating Enclave Applications Via Secure Deduplication},
    author    = {Helei Cui and Huayi Duan and Zhan Qin and Cong Wang and Yajin Zhou},
    booktitle = {Proc. of ICDCS},
    year      = {2019}
}

@inproceedings{cui18,
    title     = {A Bandwidth-Efficient Middleware for Encrypted Deduplication},
    author    = {Helei Cui and Cong Wang and Yu Hua and Yuefeng Du and Xingliang Yuan},
    booktitle = {Proc. of IEEE Conference on Dependable and Secure Computing},
    year      = {2018}
}

@inproceedings{dang17,
    title     = {Privacy-Preserving Data Deduplication on Trusted Processors},
    author    = {Hung Dang and Ee-Chien Chang},
    booktitle = {Proc. of IEEE CLOUD},
    year      = {2017}
}

@inproceedings{pietro12,
    title     = {Boosting efficiency and security in proof of ownership for deduplication},
    author    = {Di Pietro, Roberto and Sorniotti, Alessandro},
    booktitle = {Proc. of ACM ASIACCS},
    year      = {2012}
}

@inproceedings{djoko19,
    title     = {{NEXUS}: Practical and Secure Access Control onUntrusted Storage Platforms using Client-side {SGX}},
    author    = {Judicael B. Djoko and Jack Lange and Adam J. Lee},
    booktitle = {Proc. of IEEE/IFIP DSN},
    year      = {2019}
}

@inproceedings{douceur02,
    title     = {Reclaiming space from duplicate files in a serverless distributed file system},
    author    = {Douceur, John R and Adya, Atul and Bolosky, William J and Simon, P and Theimer, Marvin},
    booktitle = {Proc. of IEEE ICDCS},
    year      = {2002}
}

@inproceedings{duan14,
    title     = {Distributed Key Generation for Encrypted Deduplication: Achieving the Strongest Privacy},
    author    = {Yitao Duan},
    booktitle = {Proc. of ACM CCSW},
    year      = {2014}
}

@inproceedings{eduardo19,
    title     = {Speculative Encryption on {GPU} Applied to Cryptographic File Systems},
    author    = {Vandeir Eduardo and Luis C. Erpen de Bona and Wagner M. Nunan Zola},
    booktitle = {Proc. of USENIX FAST},
    year      = {2019}
}

@inproceedings{eriksen05,
    title     = {Trickle: A Userland Bandwidth Shaper for {UNIX-like} Systems},
    author    = {Marius A. Eriksen},
    booktitle = {Proc. of USENIX ATC},
    year      = {2005}
}

@inproceedings{eskandarian19,
    title     = {{ObliDB}: Oblivious Query Processing for Secure Databases},
    author    = {Saba Eskandarian and Matei Zaharia},
    booktitle = {Proc. of ACM VLDB},
    year      = {2019}
}

@inproceedings{fisch17,
    title     = {{IRON}: Functional Encryption using {Intel SGX}},
    author    = {Ben Fisch and Dhinakaran Vinayagamurthy and Dan Boneh and Sergey Gorbunov},
    booktitle = {Proc. of ACM CCS},
    year      = {2017}
}

@inproceedings{fu06,
    title     = {Key Regression: Enabling Efficient Key Distribution for Secure Distributed Storage},
    author    = {Kevin Fu and Seny Kamara and Tadayoshi Kohno},
    booktitle = {Proc. of NDSS},
    year      = {2006}
}

@inproceedings{fu14,
    title     = {Accelerating Restore and Garbage Collection in Deduplication-based Backup Systems via Exploiting Historical Information},
    author    = {Min Fu and Dan Feng and Yu Hua and Xubin He and Zuoning Chen and Wen Xia and Fangting Huang and Qing Liu},
    booktitle = {Proc. of USENIX ATC},
    year      = {2014}
}

@inproceedings{fuhry20,
    title     = {{SeGShare}: Secure Group File Sharing in the Cloud using Enclaves},
    author    = {Benny Fuhry and Lina Hirschoff and Samuel Koesnadi and Florian Kerschbaum},
    booktitle = {Proc. of IEEE/IFIP DSN},
    year      = {2020}
}

@inproceedings{gottel18,
    title     = {Security, Performance and Energy Trade-Offs of Hardware-Assisted Memory Protection Mechanisms},
    author    = {G{\"o}ttel, Christian and Pires, Rafael and Rocha, Isabelly and Vaucher, S{\'e}bastien and Felber, Pascal and Pasin, Marcelo and Schiavoni, Valerio},
    booktitle = {Proc. of IEEE SRDS},
    year      = {2018}
}

@misc{gantz10,
    title        = {The Digital Universe Decade – Are You Ready?},
    author       = {John Gantz and David Reinsel},
    howpublished = {\url{https://www.ifap.ru/pr/2010/n100507a.pdf}},
    year         = {2010}
}

@inproceedings{goltzsche18,
    title     = {Endbox: scalable middlebox functions using client-side trusted execution},
    author    = {Goltzsche, David and R{\"u}sch, Signe and Nieke, Manuel and Vaucher, S{\'e}bastien and Weichbrodt, Nico and Schiavoni, Valerio and Aublin, Pierre-Louis and Cosa, Paolo and Fetzer, Christof and Felber, Pascal and others},
    booktitle = {Proc. of IEEE/IFIP DSN},
    year      = {2018}
}

@inproceedings{halevi11,
    title     = {Proofs of ownership in remote storage systems},
    author    = {Halevi, Shai and Harnik, Danny and Pinkas, Benny and Shulman-Peleg, Alexandra},
    booktitle = {Proc. of ACM CCS},
    year      = {2011}
}

@article{harnik10,
    title   = {Side channels in cloud services: Deduplication in cloud storage},
    author  = {Danny Harnik and Benny Pinkas and Alexandra Shulman-Peleg},
    journal = {IEEE Security \& Privacy},
    year    = {2010},
    number  = {6},
    pages   = {40--47},
    volume  = {8}
}

@misc{harnik18,
    title        = {Securing the Storage Data Path with {SGX} Enclaves},
    author       = {Danny Harnik and Eliad Tsfadia and Doron Chen and Ronen Kat},
    howpublished = {\url{https://arxiv.org/abs/1806.10883}},
    year         = {2018}
}

@inproceedings{hasan05,
    title     = {The evolution of storage service providers: techniques and challenges to outsourcing storage},
    author    = {Hasan, Ragib and Yurcik, William and Myagmar, Suvda},
    booktitle = {Proc. of ACM StorageSS},
    year      = {2005}
}

@inproceedings{hoekstra13,
    title     = {Using innovative instructions to create trustworthy software solutions},
    author    = {Hoekstra, Matthew and Lal, Reshma and Pappachan, Pradeep and Phegade, Vinay and Del Cuvillo, Juan},
    booktitle = {Proc. of HASP@ ISCA},
    year      = {2013}
}

@inproceedings{jin09,
    title     = {The Effectiveness of Deduplication on Virtual Machine Disk Images},
    author    = {Keren Jin and Ethan L. Miller},
    booktitle = {Proc. of ACM SYSTOR},
    year      = {2009}
}

@inproceedings{juels07,
    title     = {{PORs}: Proofs of Retrievability for Large Files},
    author    = {Juels, Ari and Kaliski,Jr., Burton S.},
    booktitle = {Proc. of ACM CCS},
    year      = {2007}
}

@inproceedings{kim19,
    title     = {{ShieldStore}: Shielded In-memory Key-value Storage with {SGX}},
    author    = {Taehoon Kim and Joongun Park and Jaewook Woo and Seungheun Jeon and Jaehyuk Huh},
    booktitle = {Proc. of ACM Eurosys},
    year      = {2019}
}

@inproceedings{kotla07,
    title     = {{SafeStore}: A durable and practical storage system},
    author    = {Kotla, Ramakrishna and Alvisi, Lorenzo and Dahlin, Mike},
    booktitle = {Proc. of USENIX ATC},
    year      = {2007}
}

@inproceedings{krahn18,
    title     = {{PESOS}: Policy Enhanced Secure Object Store},
    author    = {Krahn, Robert and Trach, Bohdan and Vahldiek-Oberwagner, Anjo and Knauth, Thomas and Bhatotia, Pramod and Fetzer, Christof},
    booktitle = {Proc. of ACM EuroSys},
    year      = {2018}
}

@inproceedings{krohn04,
    title     = {On-the-Fly Verification of Rateless Erasure Codes for Efficient Content Distribution},
    author    = {Maxwell N. Krohn and Michael J. Freedman and David Mazi\`{e}res},
    booktitle = {Proc. of IEEE S\&P},
    year      = {2004}
}

@inproceedings{lee17,
    title     = {Hacking in darkness: Return-oriented programming against secure enclaves},
    author    = {Lee, Jaehyuk and Jang, Jinsoo and Jang, Yeongjin and Kwak, Nohyun and Choi, Yeseul and Choi, Changho and Kim, Taesoo and Peinado, Marcus and Kang, Brent ByungHoon},
    booktitle = {Proc. of USENIX Security},
    year      = {2017}
}

@article{li20a,
    title   = {Information Leakage in Encrypted Deduplication via Frequency Analysis: Attacks and Defenses},
    author  = {Jingwei Li and Patrick Lee and Chufeng Tan and Chuan Qin and Xiaosong Zhang},
    journal = {ACM Transactions on Storage},
    year    = {2020},
    number  = {1},
    pages   = {4:1-4:30},
    volume  = {16}
}

@inproceedings{li16,
    title     = {Rekeying for encrypted deduplication storage},
    author    = {Li, Jingwei and Qin, Chuan and Lee, Patrick and Li, Jin},
    booktitle = {Proc. of IEEE/IFIP DSN},
    year      = {2016}
}

@inproceedings{li17,
    title     = {Information Leakage in Encrypted Deduplication via Frequency Analysis},
    author    = {Jingwei Li and Chuan Qin and Patrick Lee and Xiaosong Zhang},
    booktitle = {Proc. of IEEE/IFIP DSN},
    year      = {2017}
}

@inproceedings{li20b,
    title     = {Balancing Storage Efficiency and Data Confidentiality with Tunable Encrypted Deduplication},
    author    = {Jingwei Li and Zuoru Yang and Yanjing Ren and Patrick Lee and Xiaosong Zhang},
    booktitle = {Proc. of ACM Eurosys},
    year      = {2020}
}

@inproceedings{li15,
    title     = {{CDStore}: Toward reliable, secure, and cost-efficient cloud storage via convergent dispersal},
    author    = {Li, Mingqiang and Qin, Chuan and Lee, Patrick},
    booktitle = {Proc. of USENIX ATC},
    year      = {2015}
}

@inproceedings{lillibridge13,
    title     = {Improving Restore Speed for Backup Systems that Use Inline Chunk-Based Deduplication},
    author    = {Mark Lillibridge and Kave Eshghi and Deepavali Bhagwat},
    booktitle = {Proc. of USENIX FAST},
    year      = {2013}
}

@inproceedings{lillibridge09,
    title     = {Sparse Indexing: Large Scale, Inline Deduplication Using Sampling and Locality},
    author    = {Mark Lillibridge and Kave Eshghi and Deepavali Bhagwat and Vinay Deolalikar and Greg Trezise and Peter Camble},
    booktitle = {Proc. of USENIX FAST},
    year      = {2009}
}

@inproceedings{liu15,
    title     = {Secure deduplication of encrypted data without additional independent servers},
    author    = {Liu, Jian and Asokan, N and Pinkas, Benny},
    booktitle = {Proc. of ACM CCS},
    year      = {2015}
}

@inproceedings{liu18,
    title     = {Secure Deduplication of Encrypted Data: Refined Model and New Constructions},
    author    = {Jian Liu and Li Duan and Yong Li and N. Asokan},
    booktitle = {Proc. of IACR CT-RSA},
    year      = {2018}
}

@inproceedings{meister13,
    title     = {File Recipe Compression in Data Deduplication Systems},
    author    = {Dirk Meister and André Brinkmann and Tim S\"{u}ß},
    booktitle = {Proc. of USENIX FAST},
    year      = {2013}
}

@inproceedings{meyer11,
    title     = {A Study of Practical Deduplication},
    author    = {Dutch T. Meyer and William J. Bolosky},
    booktitle = {Proc. of USENIX FAST},
    year      = {2011}
}

@inproceedings{mofrad18,
    title     = {A comparison study of {Intel SGX} and {AMD} memory encryption technology},
    author    = {Mofrad, Saeid and Zhang, Fengwei and Lu, Shiyong and Shi, Weidong},
    booktitle = {Proc. of ACM HASP},
    year      = {2018}
}

@inproceedings{mulazzani11,
    title     = {Dark Clouds on the Horizon: Using Cloud Storage as Attack Vector and Online Slack Space},
    author    = {Martin Mulazzani and Sebastian Schrittwieser and Manuel Leithner and Markus Huber},
    booktitle = {Proc. of USENIX Security},
    year      = {2011}
}

@article{naor04,
    title   = {Number-theoretic constructions of efficient pseudo-random functions},
    author  = {Moni Naor and Omer Reingold},
    journal = {Journal of the ACM},
    year    = {2004},
    number  = {2},
    pages   = {231-262},
    volume  = {51}
}

@inproceedings{ng12,
    title     = {Private data deduplication protocols in cloud storage},
    author    = {Ng, Wee Keong and Wen, Yonggang and Zhu, Huafei},
    booktitle = {Proc. of ACM SAC},
    year      = {2012}
}

@inproceedings{oleksenko18,
    title     = {Varys: Protecting {SGX} enclaves from practical side-channel attacks},
    author    = {Oleksii Oleksenko and Bohdan Trach and Robert Krahn and Andre Martin and Christof Fetzer and Mark Silberstein},
    booktitle = {Proc. of USENIX ATC},
    year      = {2018}
}

@misc{openssl,
    title        = {Cryptography and {SSL/TLS} Toolkit},
    author       = {OpenSSL},
    howpublished = {\url{https://www.openssl.org/}}
}

@inproceedings{orenbach17,
    title     = {Eleos: ExitLess OS services for {SGX} enclaves},
    author    = {Orenbach, Meni and Lifshits, Pavel and Minkin, Marina and Silberstein, Mark},
    booktitle = {Proc. of ACM EuroSys},
    year      = {2017}
}

@inproceedings{priebe18,
    title     = {{EnclaveDB}: A Secure Database using {SGX}},
    author    = {Priebe, Christian and Vaswani, Kapil and Costa, Manuel},
    booktitle = {Proc. of IEEE S\&P},
    year      = {2018}
}

@article{qin17,
    title   = {The Design and Implementation of a Rekeying-Aware Encrypted Deduplication Storage System},
    author  = {Chuan Qin and Jingwei Li and Patrick Lee},
    journal = {ACM Transactions on Storage},
    year    = {2017},
    number  = {1},
    pages   = {9:1--9:30},
    volume  = {13}
}

@techreport{rabin81,
    title        = {Fingerprint by Random Polynomials},
    author       = {Rabin, Michael O},
    date         = {1981},
    organization = {Center for Research in Computing Technology, Harvard University}
}

@techreport{ren21,
    title       = {Accelerating Encrypted Deduplication via {SGX}},
    author      = {Yanjing Ren and Jingwei Li and Zuoru Yang and Patrick P. C. Lee and Xiaosong Zhang},
    institution = {CUHK},
    year        = {2021},
    note        = {\url{http://www.cse.cuhk.edu.hk/~pclee/www/pubs/tech_sgxdedup.pdf}}
}

@inproceedings{ritzdorf16,
    title     = {On Information Leakage in Deduplicated Storage Systems},
    author    = {Hubert Ritzdorf and Ghassan O. Karame and Claudio Soriente and Srdjan $\check{C}$apkun},
    booktitle = {Proc. of ACM CCSW},
    year      = {2016}
}

@inproceedings{sartakov18,
    title     = {STANlite--a database engine for secure data processing at rack-scale level},
    author    = {Sartakov, Vasily and Weichbrodt, Nico and Krieter, Sebastian and Leich, Thomas and Kapitza, Rudiger},
    booktitle = {Proc. of IEEE IC2E},
    year      = {2018}
}

@inproceedings{sasy18,
    title     = {{ZeroTrace}: Oblivious Memory Primitives from {Intel SGX}},
    author    = {Sajin Sasy and Sergey Gorbunov and Christopher W. Fletcher},
    booktitle = {Proc. of NDSS},
    year      = {2018}
}

@inproceedings{schuster15,
    title     = {{VC3}: Trustworthy Data Analytics in the Cloud using {SGX}},
    author    = {Schuster, Felix and Costa, Manuel and Fournet, C{\'e}dric and Gkantsidis, Christos and Peinado, Marcus and Mainar-Ruiz, Gloria and Russinovich, Mark},
    booktitle = {Proc. of IEEE S\&P},
    year      = {2015}
}

@inproceedings{shah15,
    title     = {Lamassu: Storage-efficient host-side encryption},
    author    = {Shah, Peter and So, Won},
    booktitle = {Proc. of USENIX ATC},
    year      = {2015}
}

@inproceedings{shinde17,
    title     = {Panoply: Low-{TCB} Linux Applications With {SGX} Enclaves},
    author    = {Shinde, Shweta and Le Tien, Dat and Tople, Shruti and Saxena, Prateek},
    booktitle = {Proc. of NDSS},
    year      = {2017}
}

@inproceedings{shoup00,
    title     = {Practical threshold signatures},
    author    = {Shoup, Victor},
    booktitle = {Proc. of Eurocrypt},
    year      = {2000}
}

@inproceedings{sun16,
    title     = {A Long Term User-Centric Analysis of Deduplication Patterns},
    author    = {Zhen Sun and Nong Xiao and Geoff Kuenning and Sonam Mandal and Erez Zadok and Philip Shilane and Vasily Tarasov},
    booktitle = {Proc. of IEEE MSST},
    year      = {2015}
}

@misc{trustzone,
    title        = {Building a Secure System using {TrustZone}® Technology},
    author       = {ARM Security Technology},
    howpublished = {\url{https://static.docs.arm.com/genc009492/c/PRD29-GENC-009492C_trustzone_security_whitepaper.pdf}},
    year         = {2009}
}

@inproceedings{tsai14,
    title     = {Cooperation and security isolation of library OSes for multi-process applications},
    author    = {Tsai, Chia-Che and Arora, Kumar Saurabh and Bandi, Nehal and Jain, Bhushan and Jannen, William and John, Jitin and Kalodner, Harry A and Kulkarni, Vrushali and Oliveira, Daniela and Porter, Donald E},
    booktitle = {Proc. of ACM EuroSys},
    year      = {2014}
}

@inproceedings{varble09,
    title     = {Cumulus: Filesystem backup to the cloud},
    author    = {Vrable, Michael and Savage, Stefan and Voelker, Geoffrey M},
    booktitle = {Proc. of USENIX FAST},
    year      = {2009}
}

@inproceedings{wallace12,
    title     = {Characteristics of Backup Workloads in Production Systems},
    author    = {Grant Wallace and Fred Douglis and Hangwei Qian and Philip Shilane and Stephen Smaldone and Mark Chamness and Windsor Hsu},
    booktitle = {Proc. of USENIX FAST},
    year      = {2012}
}

@inproceedings{weichbrodt18,
    title     = {{SGX}-perf: A Performance Analysis Tool for Intel SGX Enclaves},
    author    = {Weichbrodt, Nico and Aublin, Pierre-Louis and Kapitza, R{\"u}diger},
    booktitle = {Proc. of International Middleware Conference},
    year      = {2018}
}

@inproceedings{weichbrodt16,
    title     = {{AsyncShock}: Exploiting synchronisation bugs in Intel SGX enclaves},
    author    = {Weichbrodt, Nico and Kurmus, Anil and Pietzuch, Peter and Kapitza, R{\"u}diger},
    booktitle = {Proc. of ESORICS},
    year      = {2016}
}

@inproceedings{weiser17,
    title     = {{SGXIO}: Generic Trusted {I/O} Path for {Intel SGX}},
    author    = {Weiser, Samuel and Werner, Mario},
    booktitle = {Proc. of ACM CODASPY},
    year      = {2017}
}

@inproceedings{wilcox08,
    title     = {Tahoe: the least-authority filesystem},
    author    = {Wilcox-O'Hearn, Zooko and Warner, Brian},
    booktitle = {Proc. of StorageSS},
    year      = {2008}
}

@article{xia16,
    title   = {A Comprehensive Study of the Past, Present, and Future of Data Deduplication},
    author  = {Wen Xia and Hong Jiang and Dan Feng and Fred Douglis and Philip Shilane and Yu Hua and Min
               Fu and Yucheng Zhang and Yukun Zhou},
    journal = {Proceedings of the IEEE},
    year    = {2016},
    number  = {9},
    pages   = {1681-1710},
    volume  = {104}
}

@inproceedings{xia11,
    title     = {{SiLo}: A Similarity-Locality based Near-Exact Deduplication Scheme with Low RAM Overhead and High Throughput},
    author    = {Wen Xia and Hong Jiang and Dan Feng and Yu Hua},
    booktitle = {Proc. of USENIX ATC},
    year      = {2011}
}

@inproceedings{xu13,
    title     = {Weak leakage-resilient client-side deduplication of encrypted data in cloud storage},
    author    = {Xu, Jia and Chang, Ee-Chien and Zhou, Jianying},
    booktitle = {Proc. of ACM ASIACCS},
    year      = {2013}
}

@inproceedings{xu15,
    title     = {Controlled-channel attacks: Deterministic side channels for untrusted operating systems},
    author    = {Xu, Yuanzhong and Cui, Weidong and Peinado, Marcus},
    booktitle = {Proc. of IEEE S\&P},
    year      = {2015}
}

@inproceedings{you20,
    title     = {Proofs of Ownership on Encrypted Cloud Datavia {Intel SGX}},
    author    = {Wenjing You and Bo Chen},
    booktitle = {Proc. of ACNS},
    year      = {2020}
}

@inproceedings{zhou15,
    title     = {{SecDep}: A user-aware efficient fine-grained secure deduplication scheme with multi-level key management},
    author    = {Zhou, Yukun and Feng, Dan and Xia, Wen and Fu, Min and Huang, Fangting and Zhang, Yucheng and Li, Chunguang},
    booktitle = {Proc. of IEEE MSST},
    year      = {2015}
}

@inproceedings{zhu08,
    title     = {Avoiding the Disk Bottleneck in the Data Domain Deduplication File System},
    author    = {Benjamin Zhu and Kai Li and Hugo Patterson},
    booktitle = {Proc. of USENIX FAST},
    year      = {2008}
}

@inproceedings{zuo18,
    title     = {Mitigating Traffic-based Side Channel Attacks in Bandwidth-efficient Cloud Storage},
    author    = {Pengfei Zuo and Yu Hua and Cong Wang and Wen Xia and Shunde Cao and Yukun Zhou and Yuanyuan Sun},
    booktitle = {Proc. of IEEE IPDPS},
    year      = {2018}
}

@misc{Amdsev,
    title        = {{AMD} Secure Encrypted Virtualization ({SEV})},
    howpublished = {\url{https://developer.amd.com/sev/}}
}

@misc{brute-attack,
    title        = {Drew Perttula and Attacks on Convergent Encryption},
    howpublished = {\url{https://tahoe-lafs.org/hacktahoelafs/drew_perttula.html}}
}

@misc{counter,
    title        = {Using Advanced Encryption Standard {(AES)} Counter Mode With IPsec Encapsulating Security Payload {(ESP)}},
    howpublished = {\url{https://tools.ietf.org/html/rfc3686}}
}

@misc{fsl,
    title        = {Traces and Snapshots Public Archive},
    howpublished = {\url{http://tracer.filesystems.org}}
}

@misc{leveldb,
    title        = {{LevelDB}},
    howpublished = {\url{https://github.com/google/leveldb}}
}

@misc{Mktem,
    title        = {Intel Architecture Memory Encryption Technologies Specification},
    howpublished = {\url{https://software.intel.com/sites/default/files/managed/a5/16/Multi-Key-Total-Memory-Encryption-Spec.pdf?source=techstories.org}}
}

@misc{pow-mh,
    title        = {ProofOfOwnership},
    howpublished = {\url{https://github.com/franfj/ProofOfOwnership}}
}

@misc{sgx,
    title        = {Intel Software Guard Extensions {SDK}},
    howpublished = {\url{https://software.intel.com/en-us/sgx/sdk}}
}

@misc{ra,
    title = {Code Sample: Intel Software Guard Extensions Remote Attestation End-to-End Example},
    year  = {2018}
}

@misc{sgxssl,
    title        = {Intel Software Guard Extensions {SSL}},
    howpublished = {https://github.com/intel/intel-sgx-ssl},
    year         = {2017}
}

@misc{java,
    title        = {Performance of Java Versus C++},
    howpublished = {http://scribblethink.org/Computer/javaCbenchmark.html},
    year         = {2003},
    authors      = {J.P.Lewis and Ulrich Neumann}
}

@comment{jabref-meta: databaseType:bibtex;}

