@inproceedings{0ren2021accelerating,
    author    = {First author},
    booktitle = {Proc.of USENIX ATC {\color{red}(CCF/A)}},
    pages     = {957--971},
    title     = {{Accelerating Encrypted Deduplication via SGX}},
    year      = {2021}
}

@inproceedings{1li2022revisiting,
    author    = {Fifth author},
    booktitle = {Proc. of IEEE INFOCOM {\color{red}(CCF/A)}},
    title     = {{Revisiting Frequency Analysis against Encrypted Deduplication via Statistical Distribution}},
    year      = {2021}
}

@inproceedings{2li2020balancing,
    author    = {Third author},
    booktitle = {Proc. of EuroSys {\color{red}(CCF/B)}},
    pages     = {1--15},
    title     = {{Balancing storage efficiency and data confidentiality with tunable encrypted deduplication}},
    year      = {2020}
}

@inproceedings{3li2019metadedup,
    author       = {Third author},
    booktitle    = {Proc. of MSST {\color{red}(CCF/B)}},
    organization = {IEEE},
    pages        = {269--281},
    title        = {{Metadedup: Deduplicating metadata in encrypted deduplication via indirection}},
    year         = {2019}
}

@article{4li2021enabling,
    author    = {Third author},
    journal   = {IEEE Transactions on Computers {\color{red}(CCF/A)}},
    publisher = {IEEE},
    title     = {{Enabling Secure and Space-Efficient Metadata Management in Encrypted Deduplication}},
    year      = {2021}
}

@article{5yang2022tunable,
    author    = {Third author},
    journal   = {ACM Transactions on Storage {\color{red}(CCF/A)}},
    publisher = {ACM},
    title     = {{Tunable Encrypted Deduplication with Attack-Resilient Key Management}},
    year      = {2022}
}

@patent{6metadedup-Patent,
    author = {第三发明人},
    date   = {2020年05月12日},
    id     = {CN110109617B},
    title  = {一种加密重复数据删除系统中的高效元数据管理方法},
    type   = {发明专利{\color{red}(授权)}}
}

@patent{7tedPatent,
    author = {第三发明人},
    date   = {2021年09月14日},
    id     = {CN111338572B},
    title  = {一种可调节加密重复数据删除方法},
    type   = {发明专利{\color{red}(授权)}}
}

@patent{8sgxdedup-Patent,
    author = {第二发明人},
    date   = {2021年06月11日},
    id     = {CN112947855A},
    title  = {一种基于硬件安全区的高效加密重复数据删除方法},
    type   = {发明专利(公开)}
}

@patent{9metadedup-ext-Patent,
    author = {第三发明人},
    date   = {2020年12月29日},
    id     = {CN112152798A},
    title  = {基于加密数据去重的分布式密文共享密钥管理方法及系统},
    type   = {发明专利(公开)}
}