%% This BibTeX bibliography file was created using BibDesk.
%% http://bibdesk.sourceforge.net/

%% Created for Jingwei Li at 2018-08-06 09:38:20 +0800 


%% Saved with string encoding Unicode (UTF-8) 



@article{sun18,
	Author = {Zhen Sun and Geoff Kuenning and Sonam Mandal and Philip Shilane and Vasily Tarasov and Nong Xiao and Erez Zadok},
	Date-Added = {2018-08-06 09:37:54 +0800},
	Date-Modified = {2018-08-06 09:37:54 +0800},
	Journal = {ACM Transactions on Storage},
	Keywords = {fsl, tos},
	Number = {2},
	Pages = {13:1-13:25},
	Title = {Cluster and Single-node Analysis of Long-term Deduplication Patterns},
	Volume = {14},
	Year = {2018},
	Bdsk-File-1 = {YnBsaXN0MDDUAQIDBAUGJCVYJHZlcnNpb25YJG9iamVjdHNZJGFyY2hpdmVyVCR0b3ASAAGGoKgHCBMUFRYaIVUkbnVsbNMJCgsMDxJXTlMua2V5c1pOUy5vYmplY3RzViRjbGFzc6INDoACgAOiEBGABIAFgAdccmVsYXRpdmVQYXRoWWFsaWFzRGF0YV8QJS4uLy4uL0Ryb3Bib3gvcGFwZXJzL3N1bjE4ZnNsX3Rvcy5wZGbSFwsYGVdOUy5kYXRhTxEBXgAAAAABXgACAAAMTWFjaW50b3NoIEhEAAAAAAAAAAAAAAAAAAAAAAAAAEJEAAH/////EHN1bjE4ZnNsX3Rvcy5wZGYAAAAAAAAAAAAAAAAAAAAAAAAAAAAAAAAAAAAAAAAAAAAAAAAAAAAAAAAAAAAAAP////8AAAAAAAAAAAAAAAAAAgADAAAKIGN1AAAAAAAAAAAAAAAAAAZwYXBlcnMAAgAxLzpVc2VyczpqaW5nd2VpbGk6RHJvcGJveDpwYXBlcnM6c3VuMThmc2xfdG9zLnBkZgAADgAiABAAcwB1AG4AMQA4AGYAcwBsAF8AdABvAHMALgBwAGQAZgAPABoADABNAGEAYwBpAG4AdABvAHMAaAAgAEgARAASAC9Vc2Vycy9qaW5nd2VpbGkvRHJvcGJveC9wYXBlcnMvc3VuMThmc2xfdG9zLnBkZgAAEwABLwAAFQACABD//wAAgAbSGxwdHlokY2xhc3NuYW1lWCRjbGFzc2VzXU5TTXV0YWJsZURhdGGjHR8gVk5TRGF0YVhOU09iamVjdNIbHCIjXE5TRGljdGlvbmFyeaIiIF8QD05TS2V5ZWRBcmNoaXZlctEmJ1Ryb290gAEACAARABoAIwAtADIANwBAAEYATQBVAGAAZwBqAGwAbgBxAHMAdQB3AIQAjgC2ALsAwwIlAicCLAI3AkACTgJSAlkCYgJnAnQCdwKJAowCkQAAAAAAAAIBAAAAAAAAACgAAAAAAAAAAAAAAAAAAAKT}}

@article{johnson67,
	Author = {Stephen C. Johnson},
	Date-Added = {2018-08-04 16:45:23 +0800},
	Date-Modified = {2018-08-04 16:46:53 +0800},
	Journal = {Psychometrika},
	Number = {3},
	Pages = {241--254},
	Title = {Hierarchical Clustering Schemes},
	Volume = {32},
	Year = {1967}}

@article{wang08,
	Author = {Qiuping A Wang},
	Date-Added = {2018-07-27 12:29:14 +0000},
	Date-Modified = {2018-07-27 12:30:28 +0000},
	Journal = {Journal of Physics A: Mathematical and Theoretical},
	Number = {6},
	Title = {Probability Distribution and Entropy as a Measure of Uncertainty},
	Volume = {41},
	Year = {2008}}

@misc{careless-release,
	Date-Added = {2018-07-04 08:09:34 +0000},
	Date-Modified = {2018-07-04 08:09:55 +0000},
	Howpublished = {https://techcrunch.com/2006/08/06/aol-proudly-releases-massive-amounts-of-user-search-data/},
	Title = {AOL: Proudly Releases Massive Amounts of Private Data}}

@misc{cloud-leakage,
	Date-Added = {2018-07-04 07:52:32 +0000},
	Date-Modified = {2018-07-04 07:52:50 +0000},
	Howpublished = {http://www.eweek.com/security/cloud-data-leak-exposes-information-on-123-million-americans},
	Title = {Cloud Data Leak Exposes Information on 123 Million Americans}}

@misc{stolen-device,
	Date-Added = {2018-07-04 07:43:46 +0000},
	Date-Modified = {2018-07-04 07:44:11 +0000},
	Howpublished = {https://www.healthitoutcomes.com/doc/lost-devices-and-healthcare-data-leakage-two-sides-of-the-same-coin-0001},
	Title = {Lost Devices And Healthcare Data Leakage, Two Sides Of The Same Coin?},
	Year = {2016}}

@inproceedings{abadi13,
	Author = {Abadi, Mart{\'\i}n and Boneh, Dan and Mironov, Ilya and Raghunathan, Ananth and Segev, Gil},
	Booktitle = {Proc. of CRYPTO},
	Date-Added = {2017-12-01 03:49:42 +0000},
	Date-Modified = {2017-12-01 03:49:42 +0000},
	Title = {Message-Locked Encryption for Lock-Dependent Messages},
	Year = {2013},
	Bdsk-File-1 = {YnBsaXN0MDDUAQIDBAUGJCVYJHZlcnNpb25YJG9iamVjdHNZJGFyY2hpdmVyVCR0b3ASAAGGoKgHCBMUFRYaIVUkbnVsbNMJCgsMDxJXTlMua2V5c1pOUy5vYmplY3RzViRjbGFzc6INDoACgAOiEBGABIAFgAdccmVsYXRpdmVQYXRoWWFsaWFzRGF0YV8QTy4uLy4uL0Ryb3Bib3gvTGlicmFyeS9NZXNzYWdlLUxvY2tlZCBFbmNyeXB0aW9uIGZvciBMb2NrLURlcGVuZGVudCBNZXNzYWdlcy5wZGbSFwsYGVdOUy5kYXRhTxECBgAAAAACBgACAAAMTWFjaW50b3NoIEhEAAAAAAAAAAAAAAAAAAAAAAAAAEJEAAH/////H01lc3NhZ2UtTG9ja2VkIEVuYyNGRkZGRkZGRi5wZGYAAAAAAAAAAAAAAAAAAAAAAAAAAAAAAAAAAAAAAAAAAP////8AAAAAAAAAAAAAAAAAAgADAAAKIGN1AAAAAAAAAAAAAAAAAAdMaWJyYXJ5AAACAFsvOlVzZXJzOmppbmd3ZWlsaTpEcm9wYm94OkxpYnJhcnk6TWVzc2FnZS1Mb2NrZWQgRW5jcnlwdGlvbiBmb3IgTG9jay1EZXBlbmRlbnQgTWVzc2FnZXMucGRmAAAOAHQAOQBNAGUAcwBzAGEAZwBlAC0ATABvAGMAawBlAGQAIABFAG4AYwByAHkAcAB0AGkAbwBuACAAZgBvAHIAIABMAG8AYwBrAC0ARABlAHAAZQBuAGQAZQBuAHQAIABNAGUAcwBzAGEAZwBlAHMALgBwAGQAZgAPABoADABNAGEAYwBpAG4AdABvAHMAaAAgAEgARAASAFlVc2Vycy9qaW5nd2VpbGkvRHJvcGJveC9MaWJyYXJ5L01lc3NhZ2UtTG9ja2VkIEVuY3J5cHRpb24gZm9yIExvY2stRGVwZW5kZW50IE1lc3NhZ2VzLnBkZgAAEwABLwAAFQACABD//wAAgAbSGxwdHlokY2xhc3NuYW1lWCRjbGFzc2VzXU5TTXV0YWJsZURhdGGjHR8gVk5TRGF0YVhOU09iamVjdNIbHCIjXE5TRGljdGlvbmFyeaIiIF8QD05TS2V5ZWRBcmNoaXZlctEmJ1Ryb290gAEACAARABoAIwAtADIANwBAAEYATQBVAGAAZwBqAGwAbgBxAHMAdQB3AIQAjgDgAOUA7QL3AvkC/gMJAxIDIAMkAysDNAM5A0YDSQNbA14DYwAAAAAAAAIBAAAAAAAAACgAAAAAAAAAAAAAAAAAAANl}}

@inproceedings{adya02,
	Author = {Atul Adya and William J. Bolosky and Miguel Castro and Ronnie Chaiken and Gerald Cermak and John R. Douceur and Jon Howell and Jacob R. Lorch and Marvin Theimer and Roger P. Wattenhofer},
	Booktitle = {Proc. of USENIX OSDI},
	Date-Added = {2017-11-30 12:54:22 +0000},
	Date-Modified = {2017-11-30 12:56:57 +0000},
	Title = {Farsite: Federated, Available, and Reliable Storage for an Incompletely Trusted Environment},
	Year = {2002}}

@article{alkadit92,
	Author = {Ibrahim A. Al-Kadit},
	Journal = {Cryptologia},
	Number = {2},
	Pages = {97-126},
	Title = {{Origins of Cryptology: The Arab Contributions}},
	Volume = {16},
	Year = {1992}}

@inproceedings{anderson10,
	Author = {Paul Anderson and Le Zhang},
	Booktitle = {Proc. of USENIX LISA},
	Date-Added = {2017-12-01 05:30:57 +0000},
	Date-Modified = {2017-12-01 05:32:32 +0000},
	Title = {Fast and Secure Laptop Backups with Encrypted De-duplication},
	Year = {2010}}

@inproceedings{armknecht15,
	Author = {Frederik Armknecht and Jens-Matthias Bohli and Ghassan O. Karame and Franck Youssef},
	Booktitle = {Proc. of ACM CCS},
	Date-Added = {2017-12-01 01:53:55 +0000},
	Date-Modified = {2017-12-01 01:53:55 +0000},
	Title = {Transparent Data Deduplication in the Cloud},
	Year = {2015},
	Bdsk-File-1 = {YnBsaXN0MDDUAQIDBAUGJCVYJHZlcnNpb25YJG9iamVjdHNZJGFyY2hpdmVyVCR0b3ASAAGGoKgHCBMUFRYaIVUkbnVsbNMJCgsMDxJXTlMua2V5c1pOUy5vYmplY3RzViRjbGFzc6INDoACgAOiEBGABIAFgAdccmVsYXRpdmVQYXRoWWFsaWFzRGF0YV8QRS4uLy4uL0Ryb3Bib3gvTGlicmFyeS9UcmFuc3BhcmVudCBEYXRhIERlZHVwbGljYXRpb24gaW4gdGhlIENsb3VkLnBkZtIXCxgZV05TLmRhdGFPEQHeAAAAAAHeAAIAAAxNYWNpbnRvc2ggSEQAAAAAAAAAAAAAAAAAAAAAAAAAQkQAAf////8fVHJhbnNwYXJlbnQgRGF0YSBEI0ZGRkZGRkZGLnBkZgAAAAAAAAAAAAAAAAAAAAAAAAAAAAAAAAAAAAAAAAAA/////wAAAAAAAAAAAAAAAAACAAMAAAogY3UAAAAAAAAAAAAAAAAAB0xpYnJhcnkAAAIAUS86VXNlcnM6amluZ3dlaWxpOkRyb3Bib3g6TGlicmFyeTpUcmFuc3BhcmVudCBEYXRhIERlZHVwbGljYXRpb24gaW4gdGhlIENsb3VkLnBkZgAADgBgAC8AVAByAGEAbgBzAHAAYQByAGUAbgB0ACAARABhAHQAYQAgAEQAZQBkAHUAcABsAGkAYwBhAHQAaQBvAG4AIABpAG4AIAB0AGgAZQAgAEMAbABvAHUAZAAuAHAAZABmAA8AGgAMAE0AYQBjAGkAbgB0AG8AcwBoACAASABEABIAT1VzZXJzL2ppbmd3ZWlsaS9Ecm9wYm94L0xpYnJhcnkvVHJhbnNwYXJlbnQgRGF0YSBEZWR1cGxpY2F0aW9uIGluIHRoZSBDbG91ZC5wZGYAABMAAS8AABUAAgAQ//8AAIAG0hscHR5aJGNsYXNzbmFtZVgkY2xhc3Nlc11OU011dGFibGVEYXRhox0fIFZOU0RhdGFYTlNPYmplY3TSGxwiI1xOU0RpY3Rpb25hcnmiIiBfEA9OU0tleWVkQXJjaGl2ZXLRJidUcm9vdIABAAgAEQAaACMALQAyADcAQABGAE0AVQBgAGcAagBsAG4AcQBzAHUAdwCEAI4A1gDbAOMCxQLHAswC1wLgAu4C8gL5AwIDBwMUAxcDKQMsAzEAAAAAAAACAQAAAAAAAAAoAAAAAAAAAAAAAAAAAAADMw==}}

@inproceedings{armknecht17,
	Author = {Frederik Armknecht and Colin Boyd and Gareth T. Davies and Kristian Gj{\o}steen and Mohsen Toorani},
	Booktitle = {Proc. of ACM ASIACCS},
	Date-Added = {2018-03-28 11:10:15 +0000},
	Date-Modified = {2018-03-28 11:11:00 +0000},
	Title = {Side Channels in Deduplication: Trade-offs between Leakage and Efficiency},
	Year = {2017}}

@inproceedings{ateniese07,
	Author = {Giuseppe Ateniese and Randal Burns and Reza Curtmola and Joseph Herring and Lea Kissner and Zachary Peterson and Dawn Song},
	Booktitle = {Proc. of ACM CCS},
	Date-Added = {2017-12-12 02:43:24 +0000},
	Date-Modified = {2017-12-12 02:44:15 +0000},
	Title = {Provable Data Possession at Untrusted Stores},
	Year = {2007}}

@inproceedings{bellare07,
	Author = {Mihir Bellare and Alexandra Boldyreva and Adam O'Neill},
	Booktitle = {Proc. of CRYPTO},
	Date-Added = {2017-12-02 13:47:27 +0000},
	Date-Modified = {2017-12-02 13:54:00 +0000},
	Title = {Deterministic and Efficiently Searchable Encryption},
	Year = {2007}}

@inproceedings{bellare15,
	Author = {Bellare, Mihir and Keelveedhi, Sriram},
	Booktitle = {Proc. of PKC},
	Date-Added = {2017-12-01 03:49:42 +0000},
	Date-Modified = {2017-12-01 03:49:42 +0000},
	Dtp = {1},
	Title = {Interactive Message-Locked Encryption and Secure Deduplication},
	Year = {2015},
	Bdsk-File-1 = {YnBsaXN0MDDUAQIDBAUGJCVYJHZlcnNpb25YJG9iamVjdHNZJGFyY2hpdmVyVCR0b3ASAAGGoKgHCBMUFRYaIVUkbnVsbNMJCgsMDxJXTlMua2V5c1pOUy5vYmplY3RzViRjbGFzc6INDoACgAOiEBGABIAFgAdccmVsYXRpdmVQYXRoWWFsaWFzRGF0YV8QWC4uLy4uL0Ryb3Bib3gvTGlicmFyeS9JbnRlcmFjdGl2ZSBNZXNzYWdlLUxvY2tlZCBFbmNyeXB0aW9uIGFuZCBTZWN1cmUgRGVkdXBsaWNhdGlvbi5wZGbSFwsYGVdOUy5kYXRhTxECKAAAAAACKAACAAAMTWFjaW50b3NoIEhEAAAAAAAAAAAAAAAAAAAAAAAAAEJEAAH/////H0ludGVyYWN0aXZlIE1lc3NhZyNGRkZGRkZGRi5wZGYAAAAAAAAAAAAAAAAAAAAAAAAAAAAAAAAAAAAAAAAAAP////8AAAAAAAAAAAAAAAAAAgADAAAKIGN1AAAAAAAAAAAAAAAAAAdMaWJyYXJ5AAACAGQvOlVzZXJzOmppbmd3ZWlsaTpEcm9wYm94OkxpYnJhcnk6SW50ZXJhY3RpdmUgTWVzc2FnZS1Mb2NrZWQgRW5jcnlwdGlvbiBhbmQgU2VjdXJlIERlZHVwbGljYXRpb24ucGRmAA4AhgBCAEkAbgB0AGUAcgBhAGMAdABpAHYAZQAgAE0AZQBzAHMAYQBnAGUALQBMAG8AYwBrAGUAZAAgAEUAbgBjAHIAeQBwAHQAaQBvAG4AIABhAG4AZAAgAFMAZQBjAHUAcgBlACAARABlAGQAdQBwAGwAaQBjAGEAdABpAG8AbgAuAHAAZABmAA8AGgAMAE0AYQBjAGkAbgB0AG8AcwBoACAASABEABIAYlVzZXJzL2ppbmd3ZWlsaS9Ecm9wYm94L0xpYnJhcnkvSW50ZXJhY3RpdmUgTWVzc2FnZS1Mb2NrZWQgRW5jcnlwdGlvbiBhbmQgU2VjdXJlIERlZHVwbGljYXRpb24ucGRmABMAAS8AABUAAgAQ//8AAIAG0hscHR5aJGNsYXNzbmFtZVgkY2xhc3Nlc11OU011dGFibGVEYXRhox0fIFZOU0RhdGFYTlNPYmplY3TSGxwiI1xOU0RpY3Rpb25hcnmiIiBfEA9OU0tleWVkQXJjaGl2ZXLRJidUcm9vdIABAAgAEQAaACMALQAyADcAQABGAE0AVQBgAGcAagBsAG4AcQBzAHUAdwCEAI4A6QDuAPYDIgMkAykDNAM9A0sDTwNWA18DZANxA3QDhgOJA44AAAAAAAACAQAAAAAAAAAoAAAAAAAAAAAAAAAAAAADkA==}}

@inproceedings{bellare13a,
	Author = {Mihir Bellare and Sriram Keelveedhi and Thomas Ristenpart},
	Booktitle = {Proc. of EUROCRYPT},
	Date-Added = {2017-11-30 13:55:50 +0000},
	Date-Modified = {2017-11-30 13:55:50 +0000},
	Keywords = {mle, eurocrypt},
	Title = {Message-Locked Encryption and Secure Deduplication},
	Year = {2013},
	Bdsk-File-1 = {YnBsaXN0MDDUAQIDBAUGJCVYJHZlcnNpb25YJG9iamVjdHNZJGFyY2hpdmVyVCR0b3ASAAGGoKgHCBMUFRYaIVUkbnVsbNMJCgsMDxJXTlMua2V5c1pOUy5vYmplY3RzViRjbGFzc6INDoACgAOiEBGABIAFgAdccmVsYXRpdmVQYXRoWWFsaWFzRGF0YV8QLy4uLy4uL0Ryb3Bib3gvcGFwZXJzL2JlbGxhcmUxM21sZV9ldXJvY3J5cHQucGRm0hcLGBlXTlMuZGF0YU8RAYYAAAAAAYYAAgAADE1hY2ludG9zaCBIRAAAAAAAAAAAAAAAAAAAAAAAAABCRAAB/////xpiZWxsYXJlMTNtbGVfZXVyb2NyeXB0LnBkZgAAAAAAAAAAAAAAAAAAAAAAAAAAAAAAAAAAAAAAAAAAAAAAAAD/////AAAAAAAAAAAAAAAAAAIAAwAACiBjdQAAAAAAAAAAAAAAAAAGcGFwZXJzAAIAOy86VXNlcnM6amluZ3dlaWxpOkRyb3Bib3g6cGFwZXJzOmJlbGxhcmUxM21sZV9ldXJvY3J5cHQucGRmAAAOADYAGgBiAGUAbABsAGEAcgBlADEAMwBtAGwAZQBfAGUAdQByAG8AYwByAHkAcAB0AC4AcABkAGYADwAaAAwATQBhAGMAaQBuAHQAbwBzAGgAIABIAEQAEgA5VXNlcnMvamluZ3dlaWxpL0Ryb3Bib3gvcGFwZXJzL2JlbGxhcmUxM21sZV9ldXJvY3J5cHQucGRmAAATAAEvAAAVAAIAEP//AACABtIbHB0eWiRjbGFzc25hbWVYJGNsYXNzZXNdTlNNdXRhYmxlRGF0YaMdHyBWTlNEYXRhWE5TT2JqZWN00hscIiNcTlNEaWN0aW9uYXJ5oiIgXxAPTlNLZXllZEFyY2hpdmVy0SYnVHJvb3SAAQAIABEAGgAjAC0AMgA3AEAARgBNAFUAYABnAGoAbABuAHEAcwB1AHcAhACOAMAAxQDNAlcCWQJeAmkCcgKAAoQCiwKUApkCpgKpArsCvgLDAAAAAAAAAgEAAAAAAAAAKAAAAAAAAAAAAAAAAAAAAsU=}}

@inproceedings{bellare13b,
	Author = {Bellare, Mihir and Keelveedhi, Sriram and Ristenpart, Thomas},
	Booktitle = {Proc. of USENIX Security},
	Date-Added = {2017-11-30 14:52:42 +0000},
	Date-Modified = {2018-06-04 07:55:51 +0000},
	Dtp = {1},
	Title = {{DupLESS}: Server-Aided Encryption for Deduplicated Storage},
	Year = {2013},
	Bdsk-File-1 = {YnBsaXN0MDDUAQIDBAUGJCVYJHZlcnNpb25YJG9iamVjdHNZJGFyY2hpdmVyVCR0b3ASAAGGoKgHCBMUFRYaIVUkbnVsbNMJCgsMDxJXTlMua2V5c1pOUy5vYmplY3RzViRjbGFzc6INDoACgAOiEBGABIAFgAdccmVsYXRpdmVQYXRoWWFsaWFzRGF0YV8QUi4uLy4uL0Ryb3Bib3gvTGlicmFyeS9EdXBMRVNTIFNlcnZlci1BaWRlZCBFbmNyeXB0aW9uIGZvciBEZWR1cGxpY2F0ZWQgU3RvcmFnZS5wZGbSFwsYGVdOUy5kYXRhTxECEAAAAAACEAACAAAMTWFjaW50b3NoIEhEAAAAAAAAAAAAAAAAAAAAAAAAAEJEAAH/////H0R1cExFU1MgU2VydmVyLUFpZCNGRkZGRkZGRi5wZGYAAAAAAAAAAAAAAAAAAAAAAAAAAAAAAAAAAAAAAAAAAP////8AAAAAAAAAAAAAAAAAAgADAAAKIGN1AAAAAAAAAAAAAAAAAAdMaWJyYXJ5AAACAF4vOlVzZXJzOmppbmd3ZWlsaTpEcm9wYm94OkxpYnJhcnk6RHVwTEVTUyBTZXJ2ZXItQWlkZWQgRW5jcnlwdGlvbiBmb3IgRGVkdXBsaWNhdGVkIFN0b3JhZ2UucGRmAA4AegA8AEQAdQBwAEwARQBTAFMAIABTAGUAcgB2AGUAcgAtAEEAaQBkAGUAZAAgAEUAbgBjAHIAeQBwAHQAaQBvAG4AIABmAG8AcgAgAEQAZQBkAHUAcABsAGkAYwBhAHQAZQBkACAAUwB0AG8AcgBhAGcAZQAuAHAAZABmAA8AGgAMAE0AYQBjAGkAbgB0AG8AcwBoACAASABEABIAXFVzZXJzL2ppbmd3ZWlsaS9Ecm9wYm94L0xpYnJhcnkvRHVwTEVTUyBTZXJ2ZXItQWlkZWQgRW5jcnlwdGlvbiBmb3IgRGVkdXBsaWNhdGVkIFN0b3JhZ2UucGRmABMAAS8AABUAAgAQ//8AAIAG0hscHR5aJGNsYXNzbmFtZVgkY2xhc3Nlc11OU011dGFibGVEYXRhox0fIFZOU0RhdGFYTlNPYmplY3TSGxwiI1xOU0RpY3Rpb25hcnmiIiBfEA9OU0tleWVkQXJjaGl2ZXLRJidUcm9vdIABAAgAEQAaACMALQAyADcAQABGAE0AVQBgAGcAagBsAG4AcQBzAHUAdwCEAI4A4wDoAPADBAMGAwsDFgMfAy0DMQM4A0EDRgNTA1YDaANrA3AAAAAAAAACAQAAAAAAAAAoAAAAAAAAAAAAAAAAAAADcg==}}

@inproceedings{bellare09,
	Author = {Mihir Bellare and Thomas Ristenpart and Phillip Rogaway and Till Stegers},
	Booktitle = {Proc. of Selected Areas in Cryptography},
	Date-Added = {2017-12-02 13:41:19 +0000},
	Date-Modified = {2017-12-02 13:42:03 +0000},
	Title = {Format-preserving Encryption},
	Year = {2009}}

@inproceedings{bhagwat09,
	Author = {Deepavali Bhagwat and Kave Eshghi and Darrell D. E. Long and Mark Lillibridge},
	Booktitle = {Proc. of IEEE MASCOTS},
	Date-Added = {2018-03-14 12:19:18 +0000},
	Date-Modified = {2018-03-14 12:19:18 +0000},
	Keywords = {extremebinning, mascots},
	Title = {Extreme Binning: Scalable, Parallel Deduplication for Chunk-based File Backup},
	Year = {2009},
	Bdsk-File-1 = {YnBsaXN0MDDUAQIDBAUGJCVYJHZlcnNpb25YJG9iamVjdHNZJGFyY2hpdmVyVCR0b3ASAAGGoKgHCBMUFRYaIVUkbnVsbNMJCgsMDxJXTlMua2V5c1pOUy5vYmplY3RzViRjbGFzc6INDoACgAOiEBGABIAFgAdccmVsYXRpdmVQYXRoWWFsaWFzRGF0YV8QOC4uLy4uL0Ryb3Bib3gvcGFwZXJzL2JoYWd3YXQwOWV4dHJlbWViaW5uaW5nX21hc2NvdHMucGRm0hcLGBlXTlMuZGF0YU8RAagAAAAAAagAAgAADE1hY2ludG9zaCBIRAAAAAAAAAAAAAAAAAAAAAAAAABCRAAB/////x9iaGFnd2F0MDlleHRyZW1lYmkjRkZGRkZGRkYucGRmAAAAAAAAAAAAAAAAAAAAAAAAAAAAAAAAAAAAAAAAAAD/////AAAAAAAAAAAAAAAAAAIAAwAACiBjdQAAAAAAAAAAAAAAAAAGcGFwZXJzAAIARC86VXNlcnM6amluZ3dlaWxpOkRyb3Bib3g6cGFwZXJzOmJoYWd3YXQwOWV4dHJlbWViaW5uaW5nX21hc2NvdHMucGRmAA4ASAAjAGIAaABhAGcAdwBhAHQAMAA5AGUAeAB0AHIAZQBtAGUAYgBpAG4AbgBpAG4AZwBfAG0AYQBzAGMAbwB0AHMALgBwAGQAZgAPABoADABNAGEAYwBpAG4AdABvAHMAaAAgAEgARAASAEJVc2Vycy9qaW5nd2VpbGkvRHJvcGJveC9wYXBlcnMvYmhhZ3dhdDA5ZXh0cmVtZWJpbm5pbmdfbWFzY290cy5wZGYAEwABLwAAFQACABD//wAAgAbSGxwdHlokY2xhc3NuYW1lWCRjbGFzc2VzXU5TTXV0YWJsZURhdGGjHR8gVk5TRGF0YVhOU09iamVjdNIbHCIjXE5TRGljdGlvbmFyeaIiIF8QD05TS2V5ZWRBcmNoaXZlctEmJ1Ryb290gAEACAARABoAIwAtADIANwBAAEYATQBVAGAAZwBqAGwAbgBxAHMAdQB3AIQAjgDJAM4A1gKCAoQCiQKUAp0CqwKvArYCvwLEAtEC1ALmAukC7gAAAAAAAAIBAAAAAAAAACgAAAAAAAAAAAAAAAAAAALw}}

@misc{bindschaedler17,
	Author = {Vincent Bindschaedler and Paul Grubbs and David Cash and Thomas Ristenpart and Vitaly Shmatikov},
	Date-Added = {2017-12-02 13:30:23 +0000},
	Date-Modified = {2017-12-02 13:32:57 +0000},
	Howpublished = {IACR Cryptology ePrint Archive: Report 2017/1078},
	Title = {The Tao of Inference in Privacy-Protected Databases},
	Year = {2017}}

@inproceedings{black06,
	Author = {J. Black},
	Booktitle = {Proc. of USENIX ATC},
	Date-Added = {2017-12-04 09:03:36 +0000},
	Date-Modified = {2017-12-04 09:04:01 +0000},
	Title = {Compare-by-Hash: A Reasoned Analysis},
	Year = {2006}}

@inproceedings{boldyreva09,
	Author = {Alexandra Boldyreva and Nathan Chenette and Younho Lee and Adam O'Neill},
	Booktitle = {Proc. of EUROCRYPT},
	Date-Added = {2017-12-02 13:55:07 +0000},
	Date-Modified = {2017-12-02 13:56:07 +0000},
	Title = {Order-preserving Symmetric Encryption},
	Year = {2009}}

@inproceedings{boldyreva11,
	Author = {Alexandra Boldyreva and Nathan Chenette and Adam O'Neill},
	Booktitle = {Proc. of CRYPTO},
	Date-Added = {2017-12-02 13:56:19 +0000},
	Date-Modified = {2017-12-02 13:56:48 +0000},
	Title = {Order-Preserving Encryption Revisited: Improved Security Analysis and Alternative Solutions},
	Year = {2011}}

@inproceedings{bosman16,
	Author = {Erik Bosman and Kaveh Razavi and Herbert Bos and Cristiano Giuffrida},
	Booktitle = {Proc. of IEEE S\&P},
	Date-Added = {2017-12-04 07:35:26 +0000},
	Date-Modified = {2017-12-04 07:35:26 +0000},
	Title = {Dedup Est Machina: Memory Deduplication as an Advanced Exploitation Vector},
	Year = {2016},
	Bdsk-File-1 = {YnBsaXN0MDDUAQIDBAUGJCVYJHZlcnNpb25YJG9iamVjdHNZJGFyY2hpdmVyVCR0b3ASAAGGoKgHCBMUFRYaIVUkbnVsbNMJCgsMDxJXTlMua2V5c1pOUy5vYmplY3RzViRjbGFzc6INDoACgAOiEBGABIAFgAdccmVsYXRpdmVQYXRoWWFsaWFzRGF0YV8QZC4uLy4uL0Ryb3Bib3gvTGlicmFyeS9EZWR1cCBFc3QgTWFjaGluYS0gTWVtb3J5IERlZHVwbGljYXRpb24gYXMgYW4gQWR2YW5jZWQgRXhwbG9pdGF0aW9uIFZlY3Rvci5wZGbSFwsYGVdOUy5kYXRhTxECWAAAAAACWAACAAAMTWFjaW50b3NoIEhEAAAAAAAAAAAAAAAAAAAAAAAAAEJEAAH/////H0RlZHVwIEVzdCBNYWNoaW5hLSNGRkZGRkZGRi5wZGYAAAAAAAAAAAAAAAAAAAAAAAAAAAAAAAAAAAAAAAAAAP////8AAAAAAAAAAAAAAAAAAgADAAAKIGN1AAAAAAAAAAAAAAAAAAdMaWJyYXJ5AAACAHAvOlVzZXJzOmppbmd3ZWlsaTpEcm9wYm94OkxpYnJhcnk6RGVkdXAgRXN0IE1hY2hpbmEtIE1lbW9yeSBEZWR1cGxpY2F0aW9uIGFzIGFuIEFkdmFuY2VkIEV4cGxvaXRhdGlvbiBWZWN0b3IucGRmAA4AngBOAEQAZQBkAHUAcAAgAEUAcwB0ACAATQBhAGMAaABpAG4AYQAtACAATQBlAG0AbwByAHkAIABEAGUAZAB1AHAAbABpAGMAYQB0AGkAbwBuACAAYQBzACAAYQBuACAAQQBkAHYAYQBuAGMAZQBkACAARQB4AHAAbABvAGkAdABhAHQAaQBvAG4AIABWAGUAYwB0AG8AcgAuAHAAZABmAA8AGgAMAE0AYQBjAGkAbgB0AG8AcwBoACAASABEABIAblVzZXJzL2ppbmd3ZWlsaS9Ecm9wYm94L0xpYnJhcnkvRGVkdXAgRXN0IE1hY2hpbmEtIE1lbW9yeSBEZWR1cGxpY2F0aW9uIGFzIGFuIEFkdmFuY2VkIEV4cGxvaXRhdGlvbiBWZWN0b3IucGRmABMAAS8AABUAAgAQ//8AAIAG0hscHR5aJGNsYXNzbmFtZVgkY2xhc3Nlc11OU011dGFibGVEYXRhox0fIFZOU0RhdGFYTlNPYmplY3TSGxwiI1xOU0RpY3Rpb25hcnmiIiBfEA9OU0tleWVkQXJjaGl2ZXLRJidUcm9vdIABAAgAEQAaACMALQAyADcAQABGAE0AVQBgAGcAagBsAG4AcQBzAHUAdwCEAI4A9QD6AQIDXgNgA2UDcAN5A4cDiwOSA5sDoAOtA7ADwgPFA8oAAAAAAAACAQAAAAAAAAAoAAAAAAAAAAAAAAAAAAADzA==}}

@inproceedings{broder97,
	Author = {Broder, A.},
	Booktitle = {Proc. of ACM SEQUENCES},
	Date-Added = {2018-03-14 12:54:18 +0000},
	Date-Modified = {2018-03-14 12:54:46 +0000},
	Title = {On the Resemblance and Containment of Documents},
	Year = {1997}}

@inproceedings{cash15,
	Author = {David Cash and Paul Grubbs and Jason Perry and Thomas Ristenpart},
	Booktitle = {Proc. of ACM CCS},
	Date-Added = {2017-12-04 02:42:48 +0000},
	Date-Modified = {2017-12-04 02:42:48 +0000},
	Title = {Leakage-abuse Attacks against Searchable Encryption},
	Year = {2015}}

@inproceedings{cox02,
	Author = {Landon P. Cox and Christopher D. Murray and Brian D. Noble},
	Booktitle = {Proc. of USENIX OSDI},
	Date-Added = {2017-12-01 05:29:07 +0000},
	Date-Modified = {2017-12-01 05:29:46 +0000},
	Title = {Pastiche: Making Backup Cheap and Easy},
	Year = {2002}}

@inproceedings{curtmola06,
	Author = {Reza Curtmola and Juan Garay and Seny Kamara and Rafail Ostrovsky},
	Booktitle = {Proc. of ACM CCS},
	Date-Added = {2017-12-02 13:44:23 +0000},
	Date-Modified = {2017-12-02 13:46:43 +0000},
	Journal = {Journal of Computer Security},
	Title = {Searchable Symmetric Encryption: Improved Definitions and Efficient Constructions},
	Year = {2006}}

@inproceedings{douceur02,
	Author = {Douceur, John R. and Adya, Atul and Bolosky, William J. and Simon, Dan and Theimer, Marvin},
	Booktitle = {Proc. of IEEE ICDCS},
	Date-Added = {2017-11-30 13:56:17 +0000},
	Date-Modified = {2017-11-30 13:56:17 +0000},
	Title = {Reclaiming Space from Duplicate Files in a Serverless Distributed File System},
	Year = {2002},
	Bdsk-File-1 = {YnBsaXN0MDDUAQIDBAUGJCVYJHZlcnNpb25YJG9iamVjdHNZJGFyY2hpdmVyVCR0b3ASAAGGoKgHCBMUFRYaIVUkbnVsbNMJCgsMDxJXTlMua2V5c1pOUy5vYmplY3RzViRjbGFzc6INDoACgAOiEBGABIAFgAdccmVsYXRpdmVQYXRoWWFsaWFzRGF0YV8QZy4uLy4uL0Ryb3Bib3gvTGlicmFyeS9SZWNsYWltaW5nIFNwYWNlIGZyb20gRHVwbGljYXRlIEZpbGVzIGluIGEgU2VydmVybGVzcyBEaXN0cmlidXRlZCBGaWxlIFN5c3RlbS5wZGbSFwsYGVdOUy5kYXRhTxECZgAAAAACZgACAAAMTWFjaW50b3NoIEhEAAAAAAAAAAAAAAAAAAAAAAAAAEJEAAH/////H1JlY2xhaW1pbmcgU3BhY2UgZiNGRkZGRkZGRi5wZGYAAAAAAAAAAAAAAAAAAAAAAAAAAAAAAAAAAAAAAAAAAP////8AAAAAAAAAAAAAAAAAAgADAAAKIGN1AAAAAAAAAAAAAAAAAAdMaWJyYXJ5AAACAHMvOlVzZXJzOmppbmd3ZWlsaTpEcm9wYm94OkxpYnJhcnk6UmVjbGFpbWluZyBTcGFjZSBmcm9tIER1cGxpY2F0ZSBGaWxlcyBpbiBhIFNlcnZlcmxlc3MgRGlzdHJpYnV0ZWQgRmlsZSBTeXN0ZW0ucGRmAAAOAKQAUQBSAGUAYwBsAGEAaQBtAGkAbgBnACAAUwBwAGEAYwBlACAAZgByAG8AbQAgAEQAdQBwAGwAaQBjAGEAdABlACAARgBpAGwAZQBzACAAaQBuACAAYQAgAFMAZQByAHYAZQByAGwAZQBzAHMAIABEAGkAcwB0AHIAaQBiAHUAdABlAGQAIABGAGkAbABlACAAUwB5AHMAdABlAG0ALgBwAGQAZgAPABoADABNAGEAYwBpAG4AdABvAHMAaAAgAEgARAASAHFVc2Vycy9qaW5nd2VpbGkvRHJvcGJveC9MaWJyYXJ5L1JlY2xhaW1pbmcgU3BhY2UgZnJvbSBEdXBsaWNhdGUgRmlsZXMgaW4gYSBTZXJ2ZXJsZXNzIERpc3RyaWJ1dGVkIEZpbGUgU3lzdGVtLnBkZgAAEwABLwAAFQACABD//wAAgAbSGxwdHlokY2xhc3NuYW1lWCRjbGFzc2VzXU5TTXV0YWJsZURhdGGjHR8gVk5TRGF0YVhOU09iamVjdNIbHCIjXE5TRGljdGlvbmFyeaIiIF8QD05TS2V5ZWRBcmNoaXZlctEmJ1Ryb290gAEACAARABoAIwAtADIANwBAAEYATQBVAGAAZwBqAGwAbgBxAHMAdQB3AIQAjgD4AP0BBQNvA3EDdgOBA4oDmAOcA6MDrAOxA74DwQPTA9YD2wAAAAAAAAIBAAAAAAAAACgAAAAAAAAAAAAAAAAAAAPd}}

@inproceedings{douglis17,
	Author = {Fred Douglis and Abhinav Duggal and Philip Shilane and Tony Wong and Shiqin Yan and Fabiano Botelho},
	Booktitle = {Proc. of USENIX FAST},
	Date-Added = {2017-12-11 02:27:58 +0000},
	Date-Modified = {2017-12-11 02:28:50 +0000},
	Title = {The Logic of Physical Garbage Collection in Deduplicating Storage},
	Year = {2017}}

@inproceedings{duan14,
	Author = {Duan, Yitao},
	Booktitle = {Proc. of ACM CCSW},
	Date-Added = {2017-12-01 01:48:33 +0000},
	Date-Modified = {2017-12-01 01:48:33 +0000},
	Title = {Distributed Key Generation for Encrypted Deduplication: Achieving the Strongest Privacy},
	Year = {2014},
	Bdsk-File-1 = {YnBsaXN0MDDUAQIDBAUGJCVYJHZlcnNpb25YJG9iamVjdHNZJGFyY2hpdmVyVCR0b3ASAAGGoKgHCBMUFRYaIVUkbnVsbNMJCgsMDxJXTlMua2V5c1pOUy5vYmplY3RzViRjbGFzc6INDoACgAOiEBGABIAFgAdccmVsYXRpdmVQYXRoWWFsaWFzRGF0YV8QcC4uLy4uL0Ryb3Bib3gvTGlicmFyeS9EaXN0cmlidXRlZCBLZXkgR2VuZXJhdGlvbiBmb3IgRW5jcnlwdGVkIERlZHVwbGljYXRpb24gQWNoaWV2aW5nIHRoZSBTdHJvbmdlc3QgUHJpdmFjeS5wZGbSFwsYGVdOUy5kYXRhTxECiAAAAAACiAACAAAMTWFjaW50b3NoIEhEAAAAAAAAAAAAAAAAAAAAAAAAAEJEAAH/////H0Rpc3RyaWJ1dGVkIEtleSBHZSNGRkZGRkZGRi5wZGYAAAAAAAAAAAAAAAAAAAAAAAAAAAAAAAAAAAAAAAAAAP////8AAAAAAAAAAAAAAAAAAgADAAAKIGN1AAAAAAAAAAAAAAAAAAdMaWJyYXJ5AAACAHwvOlVzZXJzOmppbmd3ZWlsaTpEcm9wYm94OkxpYnJhcnk6RGlzdHJpYnV0ZWQgS2V5IEdlbmVyYXRpb24gZm9yIEVuY3J5cHRlZCBEZWR1cGxpY2F0aW9uIEFjaGlldmluZyB0aGUgU3Ryb25nZXN0IFByaXZhY3kucGRmAA4AtgBaAEQAaQBzAHQAcgBpAGIAdQB0AGUAZAAgAEsAZQB5ACAARwBlAG4AZQByAGEAdABpAG8AbgAgAGYAbwByACAARQBuAGMAcgB5AHAAdABlAGQAIABEAGUAZAB1AHAAbABpAGMAYQB0AGkAbwBuACAAQQBjAGgAaQBlAHYAaQBuAGcAIAB0AGgAZQAgAFMAdAByAG8AbgBnAGUAcwB0ACAAUAByAGkAdgBhAGMAeQAuAHAAZABmAA8AGgAMAE0AYQBjAGkAbgB0AG8AcwBoACAASABEABIAelVzZXJzL2ppbmd3ZWlsaS9Ecm9wYm94L0xpYnJhcnkvRGlzdHJpYnV0ZWQgS2V5IEdlbmVyYXRpb24gZm9yIEVuY3J5cHRlZCBEZWR1cGxpY2F0aW9uIEFjaGlldmluZyB0aGUgU3Ryb25nZXN0IFByaXZhY3kucGRmABMAAS8AABUAAgAQ//8AAIAG0hscHR5aJGNsYXNzbmFtZVgkY2xhc3Nlc11OU011dGFibGVEYXRhox0fIFZOU0RhdGFYTlNPYmplY3TSGxwiI1xOU0RpY3Rpb25hcnmiIiBfEA9OU0tleWVkQXJjaGl2ZXLRJidUcm9vdIABAAgAEQAaACMALQAyADcAQABGAE0AVQBgAGcAagBsAG4AcQBzAHUAdwCEAI4BAQEGAQ4DmgOcA6EDrAO1A8MDxwPOA9cD3APpA+wD/gQBBAYAAAAAAAACAQAAAAAAAAAoAAAAAAAAAAAAAAAAAAAECA==}}

@inproceedings{durak16,
	Author = {F. Bet{\"u}l Durak and Thomas M. DuBuisson and David Cash},
	Booktitle = {Proc. of ACM CCS},
	Date-Added = {2017-12-04 02:49:21 +0000},
	Date-Modified = {2017-12-04 02:53:37 +0000},
	Title = {What Else is Revealed by Order-revealing Encryption},
	Year = {2016}}

@misc{eshghi05,
	Author = {Kave Eshghi and Hsiu Khuern Tang},
	Date-Added = {2017-12-05 03:06:07 +0000},
	Date-Modified = {2017-12-05 03:06:07 +0000},
	Howpublished = {HPL-2005-30R1},
	Title = {A Framework for Analyzing and Improving Content-Based Chunking Algorithms},
	Year = {2005}}

@inproceedings{grubbs16,
	Author = {Paul Grubbs and Richard McPherson and Muhammad Naveed and Thomas Ristenpart and Vitaly Shmatikov},
	Booktitle = {Proc. of ACM CCS},
	Date-Added = {2017-12-04 02:56:02 +0000},
	Date-Modified = {2017-12-04 02:56:02 +0000},
	Title = {Breaking Web Applications Built On Top of Encrypted Data},
	Year = {2016},
	Bdsk-File-1 = {YnBsaXN0MDDUAQIDBAUGJCVYJHZlcnNpb25YJG9iamVjdHNZJGFyY2hpdmVyVCR0b3ASAAGGoKgHCBMUFRYaIVUkbnVsbNMJCgsMDxJXTlMua2V5c1pOUy5vYmplY3RzViRjbGFzc6INDoACgAOiEBGABIAFgAdccmVsYXRpdmVQYXRoWWFsaWFzRGF0YV8QUi4uLy4uL0Ryb3Bib3gvTGlicmFyeS9CcmVha2luZyBXZWIgQXBwbGljYXRpb25zIEJ1aWx0IE9uIFRvcCBvZiBFbmNyeXB0ZWQgRGF0YS5wZGbSFwsYGVdOUy5kYXRhTxECEAAAAAACEAACAAAMTWFjaW50b3NoIEhEAAAAAAAAAAAAAAAAAAAAAAAAAEJEAAH/////H0JyZWFraW5nIFdlYiBBcHBsaSNGRkZGRkZGRi5wZGYAAAAAAAAAAAAAAAAAAAAAAAAAAAAAAAAAAAAAAAAAAP////8AAAAAAAAAAAAAAAAAAgADAAAKIGN1AAAAAAAAAAAAAAAAAAdMaWJyYXJ5AAACAF4vOlVzZXJzOmppbmd3ZWlsaTpEcm9wYm94OkxpYnJhcnk6QnJlYWtpbmcgV2ViIEFwcGxpY2F0aW9ucyBCdWlsdCBPbiBUb3Agb2YgRW5jcnlwdGVkIERhdGEucGRmAA4AegA8AEIAcgBlAGEAawBpAG4AZwAgAFcAZQBiACAAQQBwAHAAbABpAGMAYQB0AGkAbwBuAHMAIABCAHUAaQBsAHQAIABPAG4AIABUAG8AcAAgAG8AZgAgAEUAbgBjAHIAeQBwAHQAZQBkACAARABhAHQAYQAuAHAAZABmAA8AGgAMAE0AYQBjAGkAbgB0AG8AcwBoACAASABEABIAXFVzZXJzL2ppbmd3ZWlsaS9Ecm9wYm94L0xpYnJhcnkvQnJlYWtpbmcgV2ViIEFwcGxpY2F0aW9ucyBCdWlsdCBPbiBUb3Agb2YgRW5jcnlwdGVkIERhdGEucGRmABMAAS8AABUAAgAQ//8AAIAG0hscHR5aJGNsYXNzbmFtZVgkY2xhc3Nlc11OU011dGFibGVEYXRhox0fIFZOU0RhdGFYTlNPYmplY3TSGxwiI1xOU0RpY3Rpb25hcnmiIiBfEA9OU0tleWVkQXJjaGl2ZXLRJidUcm9vdIABAAgAEQAaACMALQAyADcAQABGAE0AVQBgAGcAagBsAG4AcQBzAHUAdwCEAI4A4wDoAPADBAMGAwsDFgMfAy0DMQM4A0EDRgNTA1YDaANrA3AAAAAAAAACAQAAAAAAAAAoAAAAAAAAAAAAAAAAAAADcg==}}

@inproceedings{grubbs17,
	Author = {Paul Grubbs and Kevin Sekniqi and Vincent Bindschaedler and Muhammad Naveed and Thomas Ristenpart},
	Booktitle = {Proc. of IEEE S\&P},
	Date-Added = {2017-12-04 02:54:31 +0000},
	Date-Modified = {2017-12-04 02:54:31 +0000},
	Title = {Leakage-Abuse Attacks against Order-Revealing Encryption},
	Year = {2017},
	Bdsk-File-1 = {YnBsaXN0MDDUAQIDBAUGJCVYJHZlcnNpb25YJG9iamVjdHNZJGFyY2hpdmVyVCR0b3ASAAGGoKgHCBMUFRYaIVUkbnVsbNMJCgsMDxJXTlMua2V5c1pOUy5vYmplY3RzViRjbGFzc6INDoACgAOiEBGABIAFgAdccmVsYXRpdmVQYXRoWWFsaWFzRGF0YV8QPExlYWthZ2UtQWJ1c2UgQXR0YWNrcyBhZ2FpbnN0IE9yZGVyLVJldmVhbGluZyBFbmNyeXB0aW9uLnBkZtIXCxgZV05TLmRhdGFPEQIQAAAAAAIQAAIAAAxNYWNpbnRvc2ggSEQAAAAAAAAAAAAAAAAAAAAAAAAAQkQAAf////8fTGVha2FnZS1BYnVzZSBBdHRhI0ZGRkZGRkZGLnBkZgAAAAAAAAAAAAAAAAAAAAAAAAAAAAAAAAAAAAAAAAAA/////wAAAAAAAAAAAAAAAAABAAIAAAogY3UAAAAAAAAAAAAAAAAAB0xpYnJhcnkAAAIAXi86VXNlcnM6amluZ3dlaWxpOkRyb3Bib3g6TGlicmFyeTpMZWFrYWdlLUFidXNlIEF0dGFja3MgYWdhaW5zdCBPcmRlci1SZXZlYWxpbmcgRW5jcnlwdGlvbi5wZGYADgB6ADwATABlAGEAawBhAGcAZQAtAEEAYgB1AHMAZQAgAEEAdAB0AGEAYwBrAHMAIABhAGcAYQBpAG4AcwB0ACAATwByAGQAZQByAC0AUgBlAHYAZQBhAGwAaQBuAGcAIABFAG4AYwByAHkAcAB0AGkAbwBuAC4AcABkAGYADwAaAAwATQBhAGMAaQBuAHQAbwBzAGgAIABIAEQAEgBcVXNlcnMvamluZ3dlaWxpL0Ryb3Bib3gvTGlicmFyeS9MZWFrYWdlLUFidXNlIEF0dGFja3MgYWdhaW5zdCBPcmRlci1SZXZlYWxpbmcgRW5jcnlwdGlvbi5wZGYAEwABLwAAFQACABD//wAAgAbSGxwdHlokY2xhc3NuYW1lWCRjbGFzc2VzXU5TTXV0YWJsZURhdGGjHR8gVk5TRGF0YVhOU09iamVjdNIbHCIjXE5TRGljdGlvbmFyeaIiIF8QD05TS2V5ZWRBcmNoaXZlctEmJ1Ryb290gAEACAARABoAIwAtADIANwBAAEYATQBVAGAAZwBqAGwAbgBxAHMAdQB3AIQAjgDNANIA2gLuAvAC9QMAAwkDFwMbAyIDKwMwAz0DQANSA1UDWgAAAAAAAAIBAAAAAAAAACgAAAAAAAAAAAAAAAAAAANc}}

@inproceedings{gruss15,
	Author = {Daniel Gruss and David Bidner and Stefan Mangard},
	Booktitle = {Proc. of ESORICS},
	Date-Added = {2017-12-04 07:35:26 +0000},
	Date-Modified = {2017-12-04 07:35:26 +0000},
	Title = {Practical Memory Deduplication Attacks in Sandboxed Javascript},
	Year = {2015},
	Bdsk-File-1 = {YnBsaXN0MDDUAQIDBAUGJCVYJHZlcnNpb25YJG9iamVjdHNZJGFyY2hpdmVyVCR0b3ASAAGGoKgHCBMUFRYaIVUkbnVsbNMJCgsMDxJXTlMua2V5c1pOUy5vYmplY3RzViRjbGFzc6INDoACgAOiEBGABIAFgAdccmVsYXRpdmVQYXRoWWFsaWFzRGF0YV8QWC4uLy4uL0Ryb3Bib3gvTGlicmFyeS9QcmFjdGljYWwgTWVtb3J5IERlZHVwbGljYXRpb24gQXR0YWNrcyBpbiBTYW5kYm94ZWQgSmF2YXNjcmlwdC5wZGbSFwsYGVdOUy5kYXRhTxECKAAAAAACKAACAAAMTWFjaW50b3NoIEhEAAAAAAAAAAAAAAAAAAAAAAAAAEJEAAH/////H1ByYWN0aWNhbCBNZW1vcnkgRCNGRkZGRkZGRi5wZGYAAAAAAAAAAAAAAAAAAAAAAAAAAAAAAAAAAAAAAAAAAP////8AAAAAAAAAAAAAAAAAAgADAAAKIGN1AAAAAAAAAAAAAAAAAAdMaWJyYXJ5AAACAGQvOlVzZXJzOmppbmd3ZWlsaTpEcm9wYm94OkxpYnJhcnk6UHJhY3RpY2FsIE1lbW9yeSBEZWR1cGxpY2F0aW9uIEF0dGFja3MgaW4gU2FuZGJveGVkIEphdmFzY3JpcHQucGRmAA4AhgBCAFAAcgBhAGMAdABpAGMAYQBsACAATQBlAG0AbwByAHkAIABEAGUAZAB1AHAAbABpAGMAYQB0AGkAbwBuACAAQQB0AHQAYQBjAGsAcwAgAGkAbgAgAFMAYQBuAGQAYgBvAHgAZQBkACAASgBhAHYAYQBzAGMAcgBpAHAAdAAuAHAAZABmAA8AGgAMAE0AYQBjAGkAbgB0AG8AcwBoACAASABEABIAYlVzZXJzL2ppbmd3ZWlsaS9Ecm9wYm94L0xpYnJhcnkvUHJhY3RpY2FsIE1lbW9yeSBEZWR1cGxpY2F0aW9uIEF0dGFja3MgaW4gU2FuZGJveGVkIEphdmFzY3JpcHQucGRmABMAAS8AABUAAgAQ//8AAIAG0hscHR5aJGNsYXNzbmFtZVgkY2xhc3Nlc11OU011dGFibGVEYXRhox0fIFZOU0RhdGFYTlNPYmplY3TSGxwiI1xOU0RpY3Rpb25hcnmiIiBfEA9OU0tleWVkQXJjaGl2ZXLRJidUcm9vdIABAAgAEQAaACMALQAyADcAQABGAE0AVQBgAGcAagBsAG4AcQBzAHUAdwCEAI4A6QDuAPYDIgMkAykDNAM9A0sDTwNWA18DZANxA3QDhgOJA44AAAAAAAACAQAAAAAAAAAoAAAAAAAAAAAAAAAAAAADkA==}}

@inproceedings{halevi11,
	Author = {Halevi, Shai and Harnik, Danny and Pinkas, Benny and Shulman-Peleg, Alexandra},
	Booktitle = {Proc. of ACM CCS},
	Date-Added = {2017-12-03 04:13:26 +0000},
	Date-Modified = {2017-12-03 04:13:26 +0000},
	Title = {Proofs of Ownership in Remote Storage Systems},
	Year = {2011},
	Bdsk-File-1 = {YnBsaXN0MDDUAQIDBAUGJCVYJHZlcnNpb25YJG9iamVjdHNZJGFyY2hpdmVyVCR0b3ASAAGGoKgHCBMUFRYaIVUkbnVsbNMJCgsMDxJXTlMua2V5c1pOUy5vYmplY3RzViRjbGFzc6INDoACgAOiEBGABIAFgAdccmVsYXRpdmVQYXRoWWFsaWFzRGF0YV8QRy4uLy4uL0Ryb3Bib3gvTGlicmFyeS9Qcm9vZnMgb2YgT3duZXJzaGlwIGluIFJlbW90ZSBTdG9yYWdlIFN5c3RlbXMucGRm0hcLGBlXTlMuZGF0YU8RAeYAAAAAAeYAAgAADE1hY2ludG9zaCBIRAAAAAAAAAAAAAAAAAAAAAAAAABCRAAB/////x9Qcm9vZnMgb2YgT3duZXJzaGkjRkZGRkZGRkYucGRmAAAAAAAAAAAAAAAAAAAAAAAAAAAAAAAAAAAAAAAAAAD/////AAAAAAAAAAAAAAAAAAIAAwAACiBjdQAAAAAAAAAAAAAAAAAHTGlicmFyeQAAAgBTLzpVc2VyczpqaW5nd2VpbGk6RHJvcGJveDpMaWJyYXJ5OlByb29mcyBvZiBPd25lcnNoaXAgaW4gUmVtb3RlIFN0b3JhZ2UgU3lzdGVtcy5wZGYAAA4AZAAxAFAAcgBvAG8AZgBzACAAbwBmACAATwB3AG4AZQByAHMAaABpAHAAIABpAG4AIABSAGUAbQBvAHQAZQAgAFMAdABvAHIAYQBnAGUAIABTAHkAcwB0AGUAbQBzAC4AcABkAGYADwAaAAwATQBhAGMAaQBuAHQAbwBzAGgAIABIAEQAEgBRVXNlcnMvamluZ3dlaWxpL0Ryb3Bib3gvTGlicmFyeS9Qcm9vZnMgb2YgT3duZXJzaGlwIGluIFJlbW90ZSBTdG9yYWdlIFN5c3RlbXMucGRmAAATAAEvAAAVAAIAEP//AACABtIbHB0eWiRjbGFzc25hbWVYJGNsYXNzZXNdTlNNdXRhYmxlRGF0YaMdHyBWTlNEYXRhWE5TT2JqZWN00hscIiNcTlNEaWN0aW9uYXJ5oiIgXxAPTlNLZXllZEFyY2hpdmVy0SYnVHJvb3SAAQAIABEAGgAjAC0AMgA3AEAARgBNAFUAYABnAGoAbABuAHEAcwB1AHcAhACOANgA3QDlAs8C0QLWAuEC6gL4AvwDAwMMAxEDHgMhAzMDNgM7AAAAAAAAAgEAAAAAAAAAKAAAAAAAAAAAAAAAAAAAAz0=}}

@article{harnik10,
	Author = {Danny Harnik and Benny Pinkas and Alexandra Shulman-Peleg},
	Date-Added = {2017-12-03 04:05:53 +0000},
	Date-Modified = {2017-12-03 04:07:02 +0000},
	Journal = {IEEE Security \& Privacy},
	Number = {6},
	Pages = {40-47},
	Title = {Side Channels in Cloud Services: Deduplication in Cloud Storage},
	Volume = {8},
	Year = {2010}}

@inproceedings{islam12,
	Author = {Islam, Mohammad Saiful and Kuzu, Mehmet and Kantarcioglu, Murat},
	Booktitle = {Proc. of NDSS},
	Date-Added = {2017-12-04 02:43:03 +0000},
	Date-Modified = {2017-12-04 02:43:03 +0000},
	Dtp = {1},
	Title = {Access Pattern Disclosure on Searchable Encryption: Ramification, Attack and Mitigation},
	Year = {2012}}

@inproceedings{jin09,
	Author = {Keren Jin and Ethan L. Miller},
	Booktitle = {Proc. of ACM SYSTOR},
	Date-Added = {2018-03-27 08:04:12 +0000},
	Date-Modified = {2018-03-27 08:05:18 +0000},
	Title = {The Effectiveness of Deduplication on Virtual Machine Disk Images},
	Year = {2009}}

@inproceedings{juels07,
	Author = {Juels, Ari and Kaliski,Jr., Burton S.},
	Booktitle = {Proc. of ACM CCS},
	Date-Added = {2017-12-12 02:45:37 +0000},
	Date-Modified = {2017-12-12 02:46:30 +0000},
	Title = {PORs: Proofs of Retrievability for Large Files},
	Year = {2007}}

@inproceedings{kellaris16,
	Author = {Georgios Kellaris and George Kollios and Kobbi Nissim and Adam O´Neill},
	Booktitle = {Proc. of ACM CCS},
	Date-Added = {2017-12-04 02:42:24 +0000},
	Date-Modified = {2017-12-04 02:42:24 +0000},
	Title = {Generic Attacks on Secure Outsourced Databases},
	Year = {2016}}

@inproceedings{kumar07,
	Author = {Ravi Kumar and Jasmine Novak and Bo Pang and Andrew Tomkins},
	Booktitle = {Proc. of ACM WWW},
	Date-Added = {2017-12-21 03:11:53 +0000},
	Date-Modified = {2017-12-21 03:11:53 +0000},
	Title = {On Anonymizing Query Logs via Token-based Hashing},
	Year = {2007}}

@article{lacharite18a,
	Author = {Marie-Sarah Lacharit{\'e} and Kenneth G. Paterson},
	Date-Added = {2018-05-10 02:48:00 +0000},
	Date-Modified = {2018-05-10 02:51:47 +0000},
	Journal = {IACR Transactions on Symmetric Cryptology},
	Number = {1},
	Pages = {277-313},
	Title = {Frequency-smoothing Encryption: Preventing Snapshot Attacks on Deterministically Encrypted Data},
	Volume = {2018},
	Year = {2018}}

@inproceedings{lacharite18,
	Author = {Marie-Sarah Lacharite and Brice Minaud and Kenneth G. Paterson},
	Booktitle = {Proc. of IEEE S\&P},
	Date-Added = {2018-03-29 03:45:56 +0000},
	Date-Modified = {2018-03-29 03:46:25 +0000},
	Title = {Improved Reconstruction Attacks on Encrypted Data Using Range Query Leakage},
	Year = {2018}}

@inproceedings{li17,
	Author = {Jingwei Li and Chuan Qin and Patrick P. C. Lee and Xiaosong Zhang},
	Booktitle = {Proc. of IEEE/IFIP DSN},
	Date-Added = {2017-12-04 01:45:24 +0000},
	Date-Modified = {2017-12-04 01:45:24 +0000},
	Keywords = {freqanalysis, dsn},
	Title = {Information Leakage in Encrypted Deduplication via Frequency Analysis},
	Year = {2017},
	Bdsk-File-1 = {YnBsaXN0MDDUAQIDBAUGJCVYJHZlcnNpb25YJG9iamVjdHNZJGFyY2hpdmVyVCR0b3ASAAGGoKgHCBMUFRYaIVUkbnVsbNMJCgsMDxJXTlMua2V5c1pOUy5vYmplY3RzViRjbGFzc6INDoACgAOiEBGABIAFgAdccmVsYXRpdmVQYXRoWWFsaWFzRGF0YV8QLS4uLy4uL0Ryb3Bib3gvcGFwZXJzL2xpMTdmcmVxYW5hbHlzaXNfZHNuLnBkZtIXCxgZV05TLmRhdGFPEQF+AAAAAAF+AAIAAAxNYWNpbnRvc2ggSEQAAAAAAAAAAAAAAAAAAAAAAAAAQkQAAf////8YbGkxN2ZyZXFhbmFseXNpc19kc24ucGRmAAAAAAAAAAAAAAAAAAAAAAAAAAAAAAAAAAAAAAAAAAAAAAAAAAAA/////wAAAAAAAAAAAAAAAAACAAMAAAogY3UAAAAAAAAAAAAAAAAABnBhcGVycwACADkvOlVzZXJzOmppbmd3ZWlsaTpEcm9wYm94OnBhcGVyczpsaTE3ZnJlcWFuYWx5c2lzX2Rzbi5wZGYAAA4AMgAYAGwAaQAxADcAZgByAGUAcQBhAG4AYQBsAHkAcwBpAHMAXwBkAHMAbgAuAHAAZABmAA8AGgAMAE0AYQBjAGkAbgB0AG8AcwBoACAASABEABIAN1VzZXJzL2ppbmd3ZWlsaS9Ecm9wYm94L3BhcGVycy9saTE3ZnJlcWFuYWx5c2lzX2Rzbi5wZGYAABMAAS8AABUAAgAQ//8AAIAG0hscHR5aJGNsYXNzbmFtZVgkY2xhc3Nlc11OU011dGFibGVEYXRhox0fIFZOU0RhdGFYTlNPYmplY3TSGxwiI1xOU0RpY3Rpb25hcnmiIiBfEA9OU0tleWVkQXJjaGl2ZXLRJidUcm9vdIABAAgAEQAaACMALQAyADcAQABGAE0AVQBgAGcAagBsAG4AcQBzAHUAdwCEAI4AvgDDAMsCTQJPAlQCXwJoAnYCegKBAooCjwKcAp8CsQK0ArkAAAAAAAACAQAAAAAAAAAoAAAAAAAAAAAAAAAAAAACuw==}}

@inproceedings{li15,
	Author = {Li, Mingqiang and Qin, Chuan and Lee, Patrick P. C.},
	Booktitle = {Proc. of USENIX ATC},
	Date-Added = {2017-11-30 14:03:40 +0000},
	Date-Modified = {2017-11-30 14:03:40 +0000},
	Keywords = {cdstore, atc},
	Rating = {4},
	Read = {1},
	Title = {{CDStore}: Toward Reliable, Secure, and Cost-Efficient Cloud Storage via Convergent Dispersal},
	Year = {2015},
	Bdsk-File-1 = {YnBsaXN0MDDUAQIDBAUGJCVYJHZlcnNpb25YJG9iamVjdHNZJGFyY2hpdmVyVCR0b3ASAAGGoKgHCBMUFRYaIVUkbnVsbNMJCgsMDxJXTlMua2V5c1pOUy5vYmplY3RzViRjbGFzc6INDoACgAOiEBGABIAFgAdccmVsYXRpdmVQYXRoWWFsaWFzRGF0YV8QKC4uLy4uL0Ryb3Bib3gvcGFwZXJzL2xpMTVjZHN0b3JlX2F0Yy5wZGbSFwsYGVdOUy5kYXRhTxEBaAAAAAABaAACAAAMTWFjaW50b3NoIEhEAAAAAAAAAAAAAAAAAAAAAAAAAEJEAAH/////E2xpMTVjZHN0b3JlX2F0Yy5wZGYAAAAAAAAAAAAAAAAAAAAAAAAAAAAAAAAAAAAAAAAAAAAAAAAAAAAAAAAAAP////8AAAAAAAAAAAAAAAAAAgADAAAKIGN1AAAAAAAAAAAAAAAAAAZwYXBlcnMAAgA0LzpVc2VyczpqaW5nd2VpbGk6RHJvcGJveDpwYXBlcnM6bGkxNWNkc3RvcmVfYXRjLnBkZgAOACgAEwBsAGkAMQA1AGMAZABzAHQAbwByAGUAXwBhAHQAYwAuAHAAZABmAA8AGgAMAE0AYQBjAGkAbgB0AG8AcwBoACAASABEABIAMlVzZXJzL2ppbmd3ZWlsaS9Ecm9wYm94L3BhcGVycy9saTE1Y2RzdG9yZV9hdGMucGRmABMAAS8AABUAAgAQ//8AAIAG0hscHR5aJGNsYXNzbmFtZVgkY2xhc3Nlc11OU011dGFibGVEYXRhox0fIFZOU0RhdGFYTlNPYmplY3TSGxwiI1xOU0RpY3Rpb25hcnmiIiBfEA9OU0tleWVkQXJjaGl2ZXLRJidUcm9vdIABAAgAEQAaACMALQAyADcAQABGAE0AVQBgAGcAagBsAG4AcQBzAHUAdwCEAI4AuQC+AMYCMgI0AjkCRAJNAlsCXwJmAm8CdAKBAoQClgKZAp4AAAAAAAACAQAAAAAAAAAoAAAAAAAAAAAAAAAAAAACoA==}}

@inproceedings{lillibridge09,
	Author = {Mark Lillibridge and Kave Eshghi and Deepavali Bhagwat and Vinay Deolalikar and Greg Trezise and Peter Camble},
	Booktitle = {Proc. of USENIX FAST},
	Date-Added = {2018-03-15 02:17:17 +0000},
	Date-Modified = {2018-03-15 02:17:17 +0000},
	Title = {Sparse Indexing: Large Scale, Inline Deduplication Using Sampling and Locality},
	Year = {2009}}

@inproceedings{liu15,
	Author = {Jian Liu and N. Asokan and Benny Pinkas},
	Booktitle = {Proc. of ACM CCS},
	Date-Added = {2017-12-01 03:20:45 +0000},
	Date-Modified = {2017-12-01 03:20:45 +0000},
	Title = {Secure Deduplication of Encrypted Data without Additional Independent Servers},
	Year = {2015},
	Bdsk-File-1 = {YnBsaXN0MDDUAQIDBAUGJCVYJHZlcnNpb25YJG9iamVjdHNZJGFyY2hpdmVyVCR0b3ASAAGGoKgHCBMUFRYaIVUkbnVsbNMJCgsMDxJXTlMua2V5c1pOUy5vYmplY3RzViRjbGFzc6INDoACgAOiEBGABIAFgAdccmVsYXRpdmVQYXRoWWFsaWFzRGF0YV8QZy4uLy4uL0Ryb3Bib3gvTGlicmFyeS9TZWN1cmUgRGVkdXBsaWNhdGlvbiBvZiBFbmNyeXB0ZWQgRGF0YSB3aXRob3V0IEFkZGl0aW9uYWwgSW5kZXBlbmRlbnQgU2VydmVycy5wZGbSFwsYGVdOUy5kYXRhTxECZgAAAAACZgACAAAMTWFjaW50b3NoIEhEAAAAAAAAAAAAAAAAAAAAAAAAAEJEAAH/////H1NlY3VyZSBEZWR1cGxpY2F0aSNGRkZGRkZGRi5wZGYAAAAAAAAAAAAAAAAAAAAAAAAAAAAAAAAAAAAAAAAAAP////8AAAAAAAAAAAAAAAAAAgADAAAKIGN1AAAAAAAAAAAAAAAAAAdMaWJyYXJ5AAACAHMvOlVzZXJzOmppbmd3ZWlsaTpEcm9wYm94OkxpYnJhcnk6U2VjdXJlIERlZHVwbGljYXRpb24gb2YgRW5jcnlwdGVkIERhdGEgd2l0aG91dCBBZGRpdGlvbmFsIEluZGVwZW5kZW50IFNlcnZlcnMucGRmAAAOAKQAUQBTAGUAYwB1AHIAZQAgAEQAZQBkAHUAcABsAGkAYwBhAHQAaQBvAG4AIABvAGYAIABFAG4AYwByAHkAcAB0AGUAZAAgAEQAYQB0AGEAIAB3AGkAdABoAG8AdQB0ACAAQQBkAGQAaQB0AGkAbwBuAGEAbAAgAEkAbgBkAGUAcABlAG4AZABlAG4AdAAgAFMAZQByAHYAZQByAHMALgBwAGQAZgAPABoADABNAGEAYwBpAG4AdABvAHMAaAAgAEgARAASAHFVc2Vycy9qaW5nd2VpbGkvRHJvcGJveC9MaWJyYXJ5L1NlY3VyZSBEZWR1cGxpY2F0aW9uIG9mIEVuY3J5cHRlZCBEYXRhIHdpdGhvdXQgQWRkaXRpb25hbCBJbmRlcGVuZGVudCBTZXJ2ZXJzLnBkZgAAEwABLwAAFQACABD//wAAgAbSGxwdHlokY2xhc3NuYW1lWCRjbGFzc2VzXU5TTXV0YWJsZURhdGGjHR8gVk5TRGF0YVhOU09iamVjdNIbHCIjXE5TRGljdGlvbmFyeaIiIF8QD05TS2V5ZWRBcmNoaXZlctEmJ1Ryb290gAEACAARABoAIwAtADIANwBAAEYATQBVAGAAZwBqAGwAbgBxAHMAdQB3AIQAjgD4AP0BBQNvA3EDdgOBA4oDmAOcA6MDrAOxA74DwQPTA9YD2wAAAAAAAAIBAAAAAAAAACgAAAAAAAAAAAAAAAAAAAPd}}

@inproceedings{meyer11,
	Author = {Dutch T. Meyer and William J. Bolosky},
	Booktitle = {Proc. of USENIX FAST},
	Date-Added = {2018-03-29 06:26:04 +0000},
	Date-Modified = {2018-03-29 06:26:32 +0000},
	Title = {A Study of Practical Deduplication},
	Year = {2011}}

@inproceedings{mulazzani11,
	Author = {Mulazzani, Martin and Schrittwieser, Sebastian and Leithner, Manuel and Huber, Markus and Weippl, Edgar},
	Booktitle = {Proc. of USENIX Security},
	Date-Added = {2017-12-03 04:21:03 +0000},
	Date-Modified = {2017-12-03 04:21:03 +0000},
	Title = {Dark Clouds on the Horizon: Using Cloud Storage As Attack Vector and Online Slack Space},
	Year = {2011}}

@inproceedings{muthitacharoen01,
	Author = {Athicha Muthitacharoen and Benjie Chen and David Mazieres},
	Booktitle = {Proc. of ACM SOSP},
	Date-Added = {2018-06-14 05:05:37 +0000},
	Date-Modified = {2018-06-14 05:07:24 +0000},
	Title = {A Low-bandwidth Network File System},
	Year = {2001}}

@inproceedings{naveed15,
	Author = {Muhammad Naveed and Seny Kamara and Charles V. Wright},
	Booktitle = {Proc. of ACM CCS},
	Date-Added = {2017-12-04 02:41:32 +0000},
	Date-Modified = {2017-12-04 02:41:32 +0000},
	Title = {Inference Attacks on Property-preserving Encrypted Databases},
	Year = {2015}}

@inproceedings{pietro12,
	Author = {Roberto Di Pietro and Alessandro Sorniotti},
	Booktitle = {Proc. of ACM ASIACCS},
	Date-Added = {2018-03-28 11:05:12 +0000},
	Date-Modified = {2018-03-28 11:05:59 +0000},
	Title = {Boosting Efficiency and Security in Proof of Ownership for Deduplication},
	Year = {2012}}

@inproceedings{popa11a,
	Author = {Raluca Ada Popa and Catherine M. S. Redfield and Nickolai Zeldovich and Hari Balakrishnan},
	Booktitle = {Proc. of ACM SOSP},
	Date-Added = {2018-06-11 12:27:41 +0000},
	Date-Modified = {2018-06-11 12:28:24 +0000},
	Title = {CryptDB: Protecting Confidentiality with Encrypted Query Processing},
	Year = {2011}}

@inproceedings{popa14,
	Author = {Raluca Ada Popa and Emily Stark and Jonas Helfer and Steven Valdez and Nickolai Zeldovich and M. Frans Kaashoek and Hari Balakrishnan},
	Booktitle = {Proc. of USENIX NSDI},
	Date-Added = {2018-06-11 14:24:55 +0000},
	Date-Modified = {2018-06-11 14:25:58 +0000},
	Title = {Building Web Applications on Top of Encrypted Data Using Mylar},
	Year = {2014}}

@inproceedings{popa11,
	Author = {Raluca Popa and Catherine Redfield and Nickolai Zeldovich and Hari Balakrishnan},
	Booktitle = {Proc. of USENIX SOSP},
	Date-Added = {2017-12-02 13:58:02 +0000},
	Date-Modified = {2017-12-02 13:59:07 +0000},
	Title = {CryptDB: Protecting Confidentiality with Encrypted Query Processing},
	Year = {2011}}

@inproceedings{pouliot16,
	Author = {David Pouliot and Charles V. Wright},
	Booktitle = {Proc. of ACM CCS},
	Date-Added = {2017-12-04 02:42:33 +0000},
	Date-Modified = {2017-12-04 02:42:33 +0000},
	Title = {The Shadow Nemesis: Inference Attacks on Efficiently Deployable, Efficiently Searchable Encryption},
	Year = {2016}}

@article{qin17,
	Author = {Chuan Qin and Jingwei Li and Patrick P. C. Lee},
	Date-Added = {2017-12-01 01:48:50 +0000},
	Date-Modified = {2017-12-01 01:48:50 +0000},
	Journal = {ACM Transactions on Storage},
	Number = {1},
	Pages = {9:1-9:30},
	Title = {The Design and Implementation of a Rekeying-aware Encrypted Deduplication Storage System},
	Volume = {13},
	Year = {2017},
	Bdsk-File-1 = {YnBsaXN0MDDUAQIDBAUGJCVYJHZlcnNpb25YJG9iamVjdHNZJGFyY2hpdmVyVCR0b3ASAAGGoKgHCBMUFRYaIVUkbnVsbNMJCgsMDxJXTlMua2V5c1pOUy5vYmplY3RzViRjbGFzc6INDoACgAOiEBGABIAFgAdccmVsYXRpdmVQYXRoWWFsaWFzRGF0YW8QjQAuAC4ALwAuAC4ALwBEAG8AYwB1AG0AZQBuAHQAcwAvYhF2hE/hYG8ALgBkAHQAQgBhAHMAZQAyAC8ARgBpAGwAZQBzAC4AbgBvAGkAbgBkAGUAeAAvAHAAZABmAC8ANgAvAFQAaABlACAARABlAHMAaQBnAG4AIABhAG4AZAAgAEkAbQBwAGwAZQBtAGUAbgB0AGEAdABpAG8AbgAgAG8AZgAgAGEAIABSAGUAawBlAHkAaQBuAGcALQBBAHcAYQByAGUAIABFAG4AYwByAHkAcAB0AGUAZAAgAEQAZQBkAHUAcABsAGkAYwBhAHQAaQBvAG4AIABTAHQAbwByAGEAZwBlACAAUwB5AHMAdABlAG0ALgBwAGQAZtIXCxgZV05TLmRhdGFPEQLSAAAAAALSAAIAAAxNYWNpbnRvc2ggSEQAAAAAAAAAAAAAAAAAAAAAAAAAQkQAAf////8fVGhlIERlc2lnbiBhbmQgSW1wI0ZGRkZGRkZGLnBkZgAAAAAAAAAAAAAAAAAAAAAAAAAAAAAAAAAAAAAAAAAA/////wAAAAAAAAAAAAAAAAACAAYAAAogY3UAAAAAAAAAAAAAAAAAATYAAAIAoS86VXNlcnM6amluZ3dlaWxpOkRvY3VtZW50czrmiJHnmoTkv6Hmga8uZHRCYXNlMjpGaWxlcy5ub2luZGV4OnBkZjo2OlRoZSBEZXNpZ24gYW5kIEltcGxlbWVudGF0aW9uIG9mIGEgUmVrZXlpbmctQXdhcmUgRW5jcnlwdGVkIERlZHVwbGljYXRpb24gU3RvcmFnZSBTeXN0ZW0ucGRmAAAOALoAXABUAGgAZQAgAEQAZQBzAGkAZwBuACAAYQBuAGQAIABJAG0AcABsAGUAbQBlAG4AdABhAHQAaQBvAG4AIABvAGYAIABhACAAUgBlAGsAZQB5AGkAbgBnAC0AQQB3AGEAcgBlACAARQBuAGMAcgB5AHAAdABlAGQAIABEAGUAZAB1AHAAbABpAGMAYQB0AGkAbwBuACAAUwB0AG8AcgBhAGcAZQAgAFMAeQBzAHQAZQBtAC4AcABkAGYADwAaAAwATQBhAGMAaQBuAHQAbwBzAGgAIABIAEQAEgCfVXNlcnMvamluZ3dlaWxpL0RvY3VtZW50cy/miJHnmoTkv6Hmga8uZHRCYXNlMi9GaWxlcy5ub2luZGV4L3BkZi82L1RoZSBEZXNpZ24gYW5kIEltcGxlbWVudGF0aW9uIG9mIGEgUmVrZXlpbmctQXdhcmUgRW5jcnlwdGVkIERlZHVwbGljYXRpb24gU3RvcmFnZSBTeXN0ZW0ucGRmAAATAAEvAAAVAAIAEP//AACABtIbHB0eWiRjbGFzc25hbWVYJGNsYXNzZXNdTlNNdXRhYmxlRGF0YaMdHyBWTlNEYXRhWE5TT2JqZWN00hscIiNcTlNEaWN0aW9uYXJ5oiIgXxAPTlNLZXllZEFyY2hpdmVy0SYnVHJvb3SAAQAIABEAGgAjAC0AMgA3AEAARgBNAFUAYABnAGoAbABuAHEAcwB1AHcAhACOAasBsAG4BI4EkASVBKAEqQS3BLsEwgTLBNAE3QTgBPIE9QT6AAAAAAAAAgEAAAAAAAAAKAAAAAAAAAAAAAAAAAAABPw=}}

@misc{rabin81,
	Author = {Rabin, Michael O.},
	Date-Added = {2017-12-04 08:08:01 +0000},
	Date-Modified = {2017-12-04 08:08:01 +0000},
	Howpublished = {Center for Research in Computing Technology, Harvard University. Tech. Report TR-CSE-03-01},
	Title = {Fingerprinting by Random Polynomials},
	Year = {1981}}

@inproceedings{ritzdorf16,
	Author = {Hubert Ritzdorf and Ghassan O. Karame and Claudio Soriente and SrdjanC apkun},
	Booktitle = {Proc. of ACM CCSW},
	Date-Added = {2017-12-03 04:00:31 +0000},
	Date-Modified = {2017-12-03 04:00:31 +0000},
	Title = {On Information Leakage in Deduplicated Storage Systems},
	Year = {2016},
	Bdsk-File-1 = {YnBsaXN0MDDUAQIDBAUGJCVYJHZlcnNpb25YJG9iamVjdHNZJGFyY2hpdmVyVCR0b3ASAAGGoKgHCBMUFRYaIVUkbnVsbNMJCgsMDxJXTlMua2V5c1pOUy5vYmplY3RzViRjbGFzc6INDoACgAOiEBGABIAFgAdccmVsYXRpdmVQYXRoWWFsaWFzRGF0YV8QUC4uLy4uL0Ryb3Bib3gvTGlicmFyeS9PbiBJbmZvcm1hdGlvbiBMZWFrYWdlIGluIERlZHVwbGljYXRlZCBTdG9yYWdlIFN5c3RlbXMucGRm0hcLGBlXTlMuZGF0YU8RAggAAAAAAggAAgAADE1hY2ludG9zaCBIRAAAAAAAAAAAAAAAAAAAAAAAAABCRAAB/////x9PbiBJbmZvcm1hdGlvbiBMZWEjRkZGRkZGRkYucGRmAAAAAAAAAAAAAAAAAAAAAAAAAAAAAAAAAAAAAAAAAAD/////AAAAAAAAAAAAAAAAAAIAAwAACiBjdQAAAAAAAAAAAAAAAAAHTGlicmFyeQAAAgBcLzpVc2VyczpqaW5nd2VpbGk6RHJvcGJveDpMaWJyYXJ5Ok9uIEluZm9ybWF0aW9uIExlYWthZ2UgaW4gRGVkdXBsaWNhdGVkIFN0b3JhZ2UgU3lzdGVtcy5wZGYADgB2ADoATwBuACAASQBuAGYAbwByAG0AYQB0AGkAbwBuACAATABlAGEAawBhAGcAZQAgAGkAbgAgAEQAZQBkAHUAcABsAGkAYwBhAHQAZQBkACAAUwB0AG8AcgBhAGcAZQAgAFMAeQBzAHQAZQBtAHMALgBwAGQAZgAPABoADABNAGEAYwBpAG4AdABvAHMAaAAgAEgARAASAFpVc2Vycy9qaW5nd2VpbGkvRHJvcGJveC9MaWJyYXJ5L09uIEluZm9ybWF0aW9uIExlYWthZ2UgaW4gRGVkdXBsaWNhdGVkIFN0b3JhZ2UgU3lzdGVtcy5wZGYAEwABLwAAFQACABD//wAAgAbSGxwdHlokY2xhc3NuYW1lWCRjbGFzc2VzXU5TTXV0YWJsZURhdGGjHR8gVk5TRGF0YVhOU09iamVjdNIbHCIjXE5TRGljdGlvbmFyeaIiIF8QD05TS2V5ZWRBcmNoaXZlctEmJ1Ryb290gAEACAARABoAIwAtADIANwBAAEYATQBVAGAAZwBqAGwAbgBxAHMAdQB3AIQAjgDhAOYA7gL6AvwDAQMMAxUDIwMnAy4DNwM8A0kDTANeA2EDZgAAAAAAAAIBAAAAAAAAACgAAAAAAAAAAAAAAAAAAANo}}

@inproceedings{shah15,
	Author = {Peter Shah and Won So},
	Booktitle = {Proc. of USENIX ATC},
	Date-Added = {2017-12-01 01:49:59 +0000},
	Date-Modified = {2017-12-01 01:49:59 +0000},
	Dtp = {1},
	Title = {Lamassu: Storage-Efficient Host-Side Encryption},
	Year = {2015},
	Bdsk-File-1 = {YnBsaXN0MDDUAQIDBAUGJCVYJHZlcnNpb25YJG9iamVjdHNZJGFyY2hpdmVyVCR0b3ASAAGGoKgHCBMUFRYaIVUkbnVsbNMJCgsMDxJXTlMua2V5c1pOUy5vYmplY3RzViRjbGFzc6INDoACgAOiEBGABIAFgAdccmVsYXRpdmVQYXRoWWFsaWFzRGF0YV8QSC4uLy4uL0Ryb3Bib3gvTGlicmFyeS9MYW1hc3N1IFN0b3JhZ2UtRWZmaWNpZW50IEhvc3QtU2lkZSBFbmNyeXB0aW9uLnBkZtIXCxgZV05TLmRhdGFPEQHoAAAAAAHoAAIAAAxNYWNpbnRvc2ggSEQAAAAAAAAAAAAAAAAAAAAAAAAAQkQAAf////8fTGFtYXNzdSBTdG9yYWdlLUVmI0ZGRkZGRkZGLnBkZgAAAAAAAAAAAAAAAAAAAAAAAAAAAAAAAAAAAAAAAAAA/////wAAAAAAAAAAAAAAAAACAAMAAAogY3UAAAAAAAAAAAAAAAAAB0xpYnJhcnkAAAIAVC86VXNlcnM6amluZ3dlaWxpOkRyb3Bib3g6TGlicmFyeTpMYW1hc3N1IFN0b3JhZ2UtRWZmaWNpZW50IEhvc3QtU2lkZSBFbmNyeXB0aW9uLnBkZgAOAGYAMgBMAGEAbQBhAHMAcwB1ACAAUwB0AG8AcgBhAGcAZQAtAEUAZgBmAGkAYwBpAGUAbgB0ACAASABvAHMAdAAtAFMAaQBkAGUAIABFAG4AYwByAHkAcAB0AGkAbwBuAC4AcABkAGYADwAaAAwATQBhAGMAaQBuAHQAbwBzAGgAIABIAEQAEgBSVXNlcnMvamluZ3dlaWxpL0Ryb3Bib3gvTGlicmFyeS9MYW1hc3N1IFN0b3JhZ2UtRWZmaWNpZW50IEhvc3QtU2lkZSBFbmNyeXB0aW9uLnBkZgATAAEvAAAVAAIAEP//AACABtIbHB0eWiRjbGFzc25hbWVYJGNsYXNzZXNdTlNNdXRhYmxlRGF0YaMdHyBWTlNEYXRhWE5TT2JqZWN00hscIiNcTlNEaWN0aW9uYXJ5oiIgXxAPTlNLZXllZEFyY2hpdmVy0SYnVHJvb3SAAQAIABEAGgAjAC0AMgA3AEAARgBNAFUAYABnAGoAbABuAHEAcwB1AHcAhACOANkA3gDmAtIC1ALZAuQC7QL7Av8DBgMPAxQDIQMkAzYDOQM+AAAAAAAAAgEAAAAAAAAAKAAAAAAAAAAAAAAAAAAAA0A=}}

@article{shin17,
	Author = {Youngjoo Shin and Dongyoung Koo and Junbeom Hur},
	Date-Added = {2017-12-01 02:01:30 +0000},
	Date-Modified = {2017-12-01 02:01:30 +0000},
	Journal = {ACM Computing Surveys},
	Number = {4},
	Pages = {1-38},
	Title = {A Survey of Secure Data Deduplication Schemes for Cloud Storage Systems},
	Volume = {49},
	Year = {2017},
	Bdsk-File-1 = {YnBsaXN0MDDUAQIDBAUGJCVYJHZlcnNpb25YJG9iamVjdHNZJGFyY2hpdmVyVCR0b3ASAAGGoKgHCBMUFRYaIVUkbnVsbNMJCgsMDxJXTlMua2V5c1pOUy5vYmplY3RzViRjbGFzc6INDoACgAOiEBGABIAFgAdccmVsYXRpdmVQYXRoWWFsaWFzRGF0YV8QYS4uLy4uL0Ryb3Bib3gvTGlicmFyeS9BIFN1cnZleSBvZiBTZWN1cmUgRGF0YSBEZWR1cGxpY2F0aW9uIFNjaGVtZXMgZm9yIENsb3VkIFN0b3JhZ2UgU3lzdGVtcy5wZGbSFwsYGVdOUy5kYXRhTxECTgAAAAACTgACAAAMTWFjaW50b3NoIEhEAAAAAAAAAAAAAAAAAAAAAAAAAEJEAAH/////H0EgU3VydmV5IG9mIFNlY3VyZSNGRkZGRkZGRi5wZGYAAAAAAAAAAAAAAAAAAAAAAAAAAAAAAAAAAAAAAAAAAP////8AAAAAAAAAAAAAAAAAAgADAAAKIGN1AAAAAAAAAAAAAAAAAAdMaWJyYXJ5AAACAG0vOlVzZXJzOmppbmd3ZWlsaTpEcm9wYm94OkxpYnJhcnk6QSBTdXJ2ZXkgb2YgU2VjdXJlIERhdGEgRGVkdXBsaWNhdGlvbiBTY2hlbWVzIGZvciBDbG91ZCBTdG9yYWdlIFN5c3RlbXMucGRmAAAOAJgASwBBACAAUwB1AHIAdgBlAHkAIABvAGYAIABTAGUAYwB1AHIAZQAgAEQAYQB0AGEAIABEAGUAZAB1AHAAbABpAGMAYQB0AGkAbwBuACAAUwBjAGgAZQBtAGUAcwAgAGYAbwByACAAQwBsAG8AdQBkACAAUwB0AG8AcgBhAGcAZQAgAFMAeQBzAHQAZQBtAHMALgBwAGQAZgAPABoADABNAGEAYwBpAG4AdABvAHMAaAAgAEgARAASAGtVc2Vycy9qaW5nd2VpbGkvRHJvcGJveC9MaWJyYXJ5L0EgU3VydmV5IG9mIFNlY3VyZSBEYXRhIERlZHVwbGljYXRpb24gU2NoZW1lcyBmb3IgQ2xvdWQgU3RvcmFnZSBTeXN0ZW1zLnBkZgAAEwABLwAAFQACABD//wAAgAbSGxwdHlokY2xhc3NuYW1lWCRjbGFzc2VzXU5TTXV0YWJsZURhdGGjHR8gVk5TRGF0YVhOU09iamVjdNIbHCIjXE5TRGljdGlvbmFyeaIiIF8QD05TS2V5ZWRBcmNoaXZlctEmJ1Ryb290gAEACAARABoAIwAtADIANwBAAEYATQBVAGAAZwBqAGwAbgBxAHMAdQB3AIQAjgDyAPcA/wNRA1MDWANjA2wDegN+A4UDjgOTA6ADowO1A7gDvQAAAAAAAAIBAAAAAAAAACgAAAAAAAAAAAAAAAAAAAO/}}

@inproceedings{song00,
	Author = {Dawn Xiaodong Song and David Wagner and Adrian Perrig},
	Booktitle = {Proc. of IEEE S\&P},
	Date-Added = {2018-05-10 09:08:06 +0000},
	Date-Modified = {2018-05-10 09:08:53 +0000},
	Title = {Practical Techniques for Searches on Encrypted Data},
	Year = {2000}}

@inproceedings{stanek14,
	Author = {Jan Stanek and Alessandro Sorniotti and Elli Androulaki and Lukas Kencl},
	Booktitle = {Proc. of FC},
	Date-Added = {2018-03-28 11:34:27 +0000},
	Date-Modified = {2018-03-28 11:35:19 +0000},
	Title = {A Secure Data Deduplication Scheme for Cloud Storage},
	Year = {2014}}

@inproceedings{storer08,
	Author = {Mark W. Storer and Kevin Greenan and Darrell D. E. Long and Ethan L. Miller},
	Booktitle = {ACM StorageSS},
	Date-Added = {2017-12-01 05:32:48 +0000},
	Date-Modified = {2017-12-01 05:34:09 +0000},
	Title = {Secure Data Deduplication},
	Year = {2008}}

@inproceedings{sun16,
	Author = {Zhu Sun and Geoff Kuenning and Sonam Mandal and Philip Shilane and Vasily Tarasov and Nong Xiao and Erez Zadok},
	Booktitle = {Proc. of IEEE MSST},
	Date-Added = {2017-12-25 02:34:42 +0000},
	Date-Modified = {2017-12-25 02:34:42 +0000},
	Title = {A Long-term User-centric Analysis of Deduplication Patterns},
	Year = {2016},
	Bdsk-File-1 = {YnBsaXN0MDDUAQIDBAUGJCVYJHZlcnNpb25YJG9iamVjdHNZJGFyY2hpdmVyVCR0b3ASAAGGoKgHCBMUFRYaIVUkbnVsbNMJCgsMDxJXTlMua2V5c1pOUy5vYmplY3RzViRjbGFzc6INDoACgAOiEBGABIAFgAdccmVsYXRpdmVQYXRoWWFsaWFzRGF0YV8QVS4uLy4uL0Ryb3Bib3gvTGlicmFyeS9BIExvbmctdGVybSBVc2VyLWNlbnRyaWMgQW5hbHlzaXMgb2YgRGVkdXBsaWNhdGlvbiBQYXR0ZXJucy5wZGbSFwsYGVdOUy5kYXRhTxECHgAAAAACHgACAAAMTWFjaW50b3NoIEhEAAAAAAAAAAAAAAAAAAAAAAAAAEJEAAH/////H0EgTG9uZy10ZXJtIFVzZXItYyNGRkZGRkZGRi5wZGYAAAAAAAAAAAAAAAAAAAAAAAAAAAAAAAAAAAAAAAAAAP////8AAAAAAAAAAAAAAAAAAgADAAAKIGN1AAAAAAAAAAAAAAAAAAdMaWJyYXJ5AAACAGEvOlVzZXJzOmppbmd3ZWlsaTpEcm9wYm94OkxpYnJhcnk6QSBMb25nLXRlcm0gVXNlci1jZW50cmljIEFuYWx5c2lzIG9mIERlZHVwbGljYXRpb24gUGF0dGVybnMucGRmAAAOAIAAPwBBACAATABvAG4AZwAtAHQAZQByAG0AIABVAHMAZQByAC0AYwBlAG4AdAByAGkAYwAgAEEAbgBhAGwAeQBzAGkAcwAgAG8AZgAgAEQAZQBkAHUAcABsAGkAYwBhAHQAaQBvAG4AIABQAGEAdAB0AGUAcgBuAHMALgBwAGQAZgAPABoADABNAGEAYwBpAG4AdABvAHMAaAAgAEgARAASAF9Vc2Vycy9qaW5nd2VpbGkvRHJvcGJveC9MaWJyYXJ5L0EgTG9uZy10ZXJtIFVzZXItY2VudHJpYyBBbmFseXNpcyBvZiBEZWR1cGxpY2F0aW9uIFBhdHRlcm5zLnBkZgAAEwABLwAAFQACABD//wAAgAbSGxwdHlokY2xhc3NuYW1lWCRjbGFzc2VzXU5TTXV0YWJsZURhdGGjHR8gVk5TRGF0YVhOU09iamVjdNIbHCIjXE5TRGljdGlvbmFyeaIiIF8QD05TS2V5ZWRBcmNoaXZlctEmJ1Ryb290gAEACAARABoAIwAtADIANwBAAEYATQBVAGAAZwBqAGwAbgBxAHMAdQB3AIQAjgDmAOsA8wMVAxcDHAMnAzADPgNCA0kDUgNXA2QDZwN5A3wDgQAAAAAAAAIBAAAAAAAAACgAAAAAAAAAAAAAAAAAAAOD}}

@inproceedings{wallace12,
	Author = {Wallace, Grant and Douglis, Fred and Qian, Hangwei and Shilane, Philip and Smaldone, Stephen and Chamness, Mark and Hsu, Windsor},
	Booktitle = {Proc. of USENIX FAST},
	Date-Added = {2017-12-11 01:59:42 +0000},
	Date-Modified = {2017-12-11 01:59:42 +0000},
	Title = {Characteristics of Backup Workloads in Production Systems},
	Year = {2012}}

@inproceedings{wilcox-ohearn08,
	Author = {Zooko Wilcox-O'Hearn and Brian Warner},
	Booktitle = {Proc. of ACM StorageSS},
	Date-Added = {2017-11-30 13:48:29 +0000},
	Date-Modified = {2017-11-30 13:49:09 +0000},
	Title = {Tahoe: the Least-authority Filesystem},
	Year = {2008}}

@inproceedings{xia11,
	Author = {Wen Xia and Hong Jiang and Dan Feng and Yu Hua},
	Booktitle = {Proc. of USENIX ATC},
	Date-Added = {2017-12-11 06:42:40 +0000},
	Date-Modified = {2017-12-11 06:42:40 +0000},
	Dtp = {1},
	Title = {SiLo: A Similarity Locality based Near Exact Deduplication Scheme with Low RAM Overhead and High Throughput},
	Year = {2011},
	Bdsk-File-1 = {YnBsaXN0MDDUAQIDBAUGJCVYJHZlcnNpb25YJG9iamVjdHNZJGFyY2hpdmVyVCR0b3ASAAGGoKgHCBMUFRYaIVUkbnVsbNMJCgsMDxJXTlMua2V5c1pOUy5vYmplY3RzViRjbGFzc6INDoACgAOiEBGABIAFgAdccmVsYXRpdmVQYXRoWWFsaWFzRGF0YV8QblNpTG8gQSBTaW1pbGFyaXR5IExvY2FsaXR5IGJhc2VkIE5lYXIgRXhhY3QgRGVkdXBsaWNhdGlvbiBTY2hlbWUgd2l0aCBMb3cgUkFNIE92ZXJoZWFkIGFuZCBIaWdoIFRocm91Z2hwdXQucGRm0hcLGBlXTlMuZGF0YU8RAtgAAAAAAtgAAgAADE1hY2ludG9zaCBIRAAAAAAAAAAAAAAAAAAAAAAAAABCRAAB/////x9TaUxvIEEgU2ltaWxhcml0eSAjRkZGRkZGRkYucGRmAAAAAAAAAAAAAAAAAAAAAAAAAAAAAAAAAAAAAAAAAAD/////AAAAAAAAAAAAAAAAAAEAAgAACiBjdQAAAAAAAAAAAAAAAAAHTGlicmFyeQAAAgCQLzpVc2VyczpqaW5nd2VpbGk6RHJvcGJveDpMaWJyYXJ5OlNpTG8gQSBTaW1pbGFyaXR5IExvY2FsaXR5IGJhc2VkIE5lYXIgRXhhY3QgRGVkdXBsaWNhdGlvbiBTY2hlbWUgd2l0aCBMb3cgUkFNIE92ZXJoZWFkIGFuZCBIaWdoIFRocm91Z2hwdXQucGRmAA4A3gBuAFMAaQBMAG8AIABBACAAUwBpAG0AaQBsAGEAcgBpAHQAeQAgAEwAbwBjAGEAbABpAHQAeQAgAGIAYQBzAGUAZAAgAE4AZQBhAHIAIABFAHgAYQBjAHQAIABEAGUAZAB1AHAAbABpAGMAYQB0AGkAbwBuACAAUwBjAGgAZQBtAGUAIAB3AGkAdABoACAATABvAHcAIABSAEEATQAgAE8AdgBlAHIAaABlAGEAZAAgAGEAbgBkACAASABpAGcAaAAgAFQAaAByAG8AdQBnAGgAcAB1AHQALgBwAGQAZgAPABoADABNAGEAYwBpAG4AdABvAHMAaAAgAEgARAASAI5Vc2Vycy9qaW5nd2VpbGkvRHJvcGJveC9MaWJyYXJ5L1NpTG8gQSBTaW1pbGFyaXR5IExvY2FsaXR5IGJhc2VkIE5lYXIgRXhhY3QgRGVkdXBsaWNhdGlvbiBTY2hlbWUgd2l0aCBMb3cgUkFNIE92ZXJoZWFkIGFuZCBIaWdoIFRocm91Z2hwdXQucGRmABMAAS8AABUAAgAQ//8AAIAG0hscHR5aJGNsYXNzbmFtZVgkY2xhc3Nlc11OU011dGFibGVEYXRhox0fIFZOU0RhdGFYTlNPYmplY3TSGxwiI1xOU0RpY3Rpb25hcnmiIiBfEA9OU0tleWVkQXJjaGl2ZXLRJidUcm9vdIABAAgAEQAaACMALQAyADcAQABGAE0AVQBgAGcAagBsAG4AcQBzAHUAdwCEAI4A/wEEAQwD6APqA+8D+gQDBBEEFQQcBCUEKgQ3BDoETARPBFQAAAAAAAACAQAAAAAAAAAoAAAAAAAAAAAAAAAAAAAEVg==}}

@inproceedings{xiao13,
	Author = {Jidong Xiao and Zhang Xu and Hai Huang and Haining Wang},
	Booktitle = {Proc. of IEEE/IFIP DSN},
	Date-Added = {2017-12-04 07:35:26 +0000},
	Date-Modified = {2017-12-04 07:35:26 +0000},
	Title = {Security Implications of Memory Deduplication in a Virtualized Environment},
	Year = {2013},
	Bdsk-File-1 = {YnBsaXN0MDDUAQIDBAUGJCVYJHZlcnNpb25YJG9iamVjdHNZJGFyY2hpdmVyVCR0b3ASAAGGoKgHCBMUFRYaIVUkbnVsbNMJCgsMDxJXTlMua2V5c1pOUy5vYmplY3RzViRjbGFzc6INDoACgAOiEBGABIAFgAdccmVsYXRpdmVQYXRoWWFsaWFzRGF0YV8QZC4uLy4uL0Ryb3Bib3gvTGlicmFyeS9TZWN1cml0eSBJbXBsaWNhdGlvbnMgb2YgTWVtb3J5IERlZHVwbGljYXRpb24gaW4gYSBWaXJ0dWFsaXplZCBFbnZpcm9ubWVudC5wZGbSFwsYGVdOUy5kYXRhTxECWAAAAAACWAACAAAMTWFjaW50b3NoIEhEAAAAAAAAAAAAAAAAAAAAAAAAAEJEAAH/////H1NlY3VyaXR5IEltcGxpY2F0aSNGRkZGRkZGRi5wZGYAAAAAAAAAAAAAAAAAAAAAAAAAAAAAAAAAAAAAAAAAAP////8AAAAAAAAAAAAAAAAAAgADAAAKIGN1AAAAAAAAAAAAAAAAAAdMaWJyYXJ5AAACAHAvOlVzZXJzOmppbmd3ZWlsaTpEcm9wYm94OkxpYnJhcnk6U2VjdXJpdHkgSW1wbGljYXRpb25zIG9mIE1lbW9yeSBEZWR1cGxpY2F0aW9uIGluIGEgVmlydHVhbGl6ZWQgRW52aXJvbm1lbnQucGRmAA4AngBOAFMAZQBjAHUAcgBpAHQAeQAgAEkAbQBwAGwAaQBjAGEAdABpAG8AbgBzACAAbwBmACAATQBlAG0AbwByAHkAIABEAGUAZAB1AHAAbABpAGMAYQB0AGkAbwBuACAAaQBuACAAYQAgAFYAaQByAHQAdQBhAGwAaQB6AGUAZAAgAEUAbgB2AGkAcgBvAG4AbQBlAG4AdAAuAHAAZABmAA8AGgAMAE0AYQBjAGkAbgB0AG8AcwBoACAASABEABIAblVzZXJzL2ppbmd3ZWlsaS9Ecm9wYm94L0xpYnJhcnkvU2VjdXJpdHkgSW1wbGljYXRpb25zIG9mIE1lbW9yeSBEZWR1cGxpY2F0aW9uIGluIGEgVmlydHVhbGl6ZWQgRW52aXJvbm1lbnQucGRmABMAAS8AABUAAgAQ//8AAIAG0hscHR5aJGNsYXNzbmFtZVgkY2xhc3Nlc11OU011dGFibGVEYXRhox0fIFZOU0RhdGFYTlNPYmplY3TSGxwiI1xOU0RpY3Rpb25hcnmiIiBfEA9OU0tleWVkQXJjaGl2ZXLRJidUcm9vdIABAAgAEQAaACMALQAyADcAQABGAE0AVQBgAGcAagBsAG4AcQBzAHUAdwCEAI4A9QD6AQIDXgNgA2UDcAN5A4cDiwOSA5sDoAOtA7ADwgPFA8oAAAAAAAACAQAAAAAAAAAoAAAAAAAAAAAAAAAAAAADzA==}}

@inproceedings{xu13,
	Author = {Jia Xu and Ee-Chien Chang and Jianying Zhou},
	Booktitle = {Proc. of ACM ASIACCS},
	Date-Added = {2018-03-28 11:06:55 +0000},
	Date-Modified = {2018-03-28 11:07:42 +0000},
	Title = {Weak Leakage-resilient Client-side Deduplication of Encrypted Data in Cloud Storage},
	Year = {2013}}

@inproceedings{you05,
	Author = {Lawrence L. You and Kristal T. Pollack and Darrell D. E. Long},
	Booktitle = {Proc. of IEEE ICDE},
	Date-Added = {2018-06-14 05:08:01 +0000},
	Date-Modified = {2018-06-14 05:09:00 +0000},
	Title = {Deep Store: An Archival Storage System Architecture},
	Year = {2005}}

@inproceedings{zhang16b,
	Author = {Yupeng Zhang and Jonathan Katz and Charalampos Papamanthou},
	Booktitle = {Proc. of USENIX Security},
	Date-Added = {2017-12-04 02:42:02 +0000},
	Date-Modified = {2017-12-04 02:42:02 +0000},
	Title = {All Your Queries are Belong to Us: the Power of File-Injection Attacks on Searchable Encryption},
	Year = {2016}}

@inproceedings{zhu08,
	Author = {Zhu, Benjamin and Li, Kai and Patterson, R Hugo},
	Booktitle = {Proc. of USENIX FAST},
	Date-Added = {2017-12-11 06:42:16 +0000},
	Date-Modified = {2017-12-11 06:42:16 +0000},
	Title = {Avoiding the Disk Bottleneck in the Data Domain Deduplication File System},
	Year = {2008},
	Bdsk-File-1 = {YnBsaXN0MDDUAQIDBAUGJCVYJHZlcnNpb25YJG9iamVjdHNZJGFyY2hpdmVyVCR0b3ASAAGGoKgHCBMUFRYaIVUkbnVsbNMJCgsMDxJXTlMua2V5c1pOUy5vYmplY3RzViRjbGFzc6INDoACgAOiEBGABIAFgAdccmVsYXRpdmVQYXRoWWFsaWFzRGF0YV8QTUF2b2lkaW5nIHRoZSBEaXNrIEJvdHRsZW5lY2sgaW4gdGhlIERhdGEgRG9tYWluIERlZHVwbGljYXRpb24gRmlsZSBTeXN0ZW0ucGRm0hcLGBlXTlMuZGF0YU8RAlYAAAAAAlYAAgAADE1hY2ludG9zaCBIRAAAAAAAAAAAAAAAAAAAAAAAAABCRAAB/////x9Bdm9pZGluZyB0aGUgRGlzayAjRkZGRkZGRkYucGRmAAAAAAAAAAAAAAAAAAAAAAAAAAAAAAAAAAAAAAAAAAD/////AAAAAAAAAAAAAAAAAAEAAgAACiBjdQAAAAAAAAAAAAAAAAAHTGlicmFyeQAAAgBvLzpVc2VyczpqaW5nd2VpbGk6RHJvcGJveDpMaWJyYXJ5OkF2b2lkaW5nIHRoZSBEaXNrIEJvdHRsZW5lY2sgaW4gdGhlIERhdGEgRG9tYWluIERlZHVwbGljYXRpb24gRmlsZSBTeXN0ZW0ucGRmAAAOAJwATQBBAHYAbwBpAGQAaQBuAGcAIAB0AGgAZQAgAEQAaQBzAGsAIABCAG8AdAB0AGwAZQBuAGUAYwBrACAAaQBuACAAdABoAGUAIABEAGEAdABhACAARABvAG0AYQBpAG4AIABEAGUAZAB1AHAAbABpAGMAYQB0AGkAbwBuACAARgBpAGwAZQAgAFMAeQBzAHQAZQBtAC4AcABkAGYADwAaAAwATQBhAGMAaQBuAHQAbwBzAGgAIABIAEQAEgBtVXNlcnMvamluZ3dlaWxpL0Ryb3Bib3gvTGlicmFyeS9Bdm9pZGluZyB0aGUgRGlzayBCb3R0bGVuZWNrIGluIHRoZSBEYXRhIERvbWFpbiBEZWR1cGxpY2F0aW9uIEZpbGUgU3lzdGVtLnBkZgAAEwABLwAAFQACABD//wAAgAbSGxwdHlokY2xhc3NuYW1lWCRjbGFzc2VzXU5TTXV0YWJsZURhdGGjHR8gVk5TRGF0YVhOU09iamVjdNIbHCIjXE5TRGljdGlvbmFyeaIiIF8QD05TS2V5ZWRBcmNoaXZlctEmJ1Ryb290gAEACAARABoAIwAtADIANwBAAEYATQBVAGAAZwBqAGwAbgBxAHMAdQB3AIQAjgDeAOMA6wNFA0cDTANXA2ADbgNyA3kDggOHA5QDlwOpA6wDsQAAAAAAAAIBAAAAAAAAACgAAAAAAAAAAAAAAAAAAAOz}}

@inproceedings{zuo18,
	Author = {Pengfei Zuo and Yu Hua and Cong Wang and Wen Xia and Shunde Cao and Yukun Zhou and Yuanyuan Sun},
	Booktitle = {Proc. of IEEE IPDPS},
	Date-Added = {2018-04-06 02:33:56 +0000},
	Date-Modified = {2018-04-06 02:34:48 +0000},
	Title = {Mitigating Traffic-based Side Channel Attacks in Bandwidth-efficient Cloud Storage},
	Year = {2018}}

@misc{alglib,
	Date-Added = {2018-03-15 11:12:13 +0000},
	Date-Modified = {2018-03-15 11:12:35 +0000},
	Howpublished = {http://www.alglib.net},
	Title = {ALGLIB}}

@misc{ce_attack,
	Date-Added = {2017-12-03 03:48:35 +0000},
	Date-Modified = {2017-12-03 03:56:14 +0000},
	Howpublished = {https://tahoe-lafs.org/hacktahoelafs/drew\_perttula.html},
	Title = {Drew Perttula and Attacks on Convergent Encryption}}

@misc{cryptosphere,
	Date-Added = {2018-01-18 05:12:27 +0000},
	Date-Modified = {2018-01-18 05:13:01 +0000},
	Howpublished = {https://cryptosphere.io},
	Title = {Cryptosphere}}

@misc{elephantdrive,
	Date-Added = {2017-11-30 11:48:35 +0000},
	Date-Modified = {2017-11-30 12:16:27 +0000},
	Howpublished = {https://support.elephantdrive.com/hc/en-us/articles/205537248-How-is-my-data-secured-at-ElephantDrive-},
	Title = {How is My Data Secured at ElephantDrive?}}

@misc{freenet,
	Date-Added = {2017-11-30 12:37:03 +0000},
	Date-Modified = {2017-11-30 12:37:17 +0000},
	Howpublished = {https://freenetproject.org},
	Title = {Freenet}}

@misc{gnunet,
	Date-Added = {2017-12-01 05:00:55 +0000},
	Date-Modified = {2017-12-01 05:01:42 +0000},
	Howpublished = {https://gnunet.org},
	Title = {GNU's Framework for Secure Peer-to-peer Networking}}

@misc{ms,
	Date-Added = {2018-03-29 06:24:23 +0000},
	Date-Modified = {2018-03-29 06:25:31 +0000},
	Howpublished = {http://iotta.snia.org/tracetypes/6},
	Title = {Microsoft Traces and Snapshots Public Archive}}

@misc{FSL14,
	Date-Added = {2017-12-25 02:33:03 +0000},
	Date-Modified = {2017-12-25 02:33:03 +0000},
	Howpublished = {http://tracer.filesystems.org/},
	Title = {{FSL} Traces and Snapshots Public Archive},
	Year = {2014}}

@misc{mega,
	Date-Added = {2017-11-30 11:29:02 +0000},
	Date-Modified = {2017-11-30 12:18:39 +0000},
	Howpublished = {https://arstechnica.com/information-technology/2013/01/megabad-a-quick-look-at-the-state-of-megas-encryption/},
	Title = {Megabad: A Quick Look at the State of Mega's Encryption},
	Year = {2013}}

@misc{bitcasa11,
	Date-Added = {2017-11-30 11:15:17 +0000},
	Date-Modified = {2017-11-30 11:16:11 +0000},
	Howpublished = {https://www.extremetech.com/computing/96693-how-convergent-encryption-makes-bitcasas-infinite-storage-possible},
	Title = {How Convergent Encryption Makes Bitcasa's Infinite Storage Possible},
	Year = {2011}}
