@article{li2021enabling,
    title     = {Enabling Secure and Space-Efficient Metadata Management in Encrypted Deduplication},
    author    = {Li, Jingwei and Huang, Suyu and Ren, Yanjing and Yang, Zuoru and Lee, Patrick PC and Zhang, Xiao-song and Hao, Yao},
    journal   = {IEEE Transactions on Computers},
    year      = {2021},
    publisher = {IEEE}
}

@inproceedings{ren2021accelerating,
    title     = {Accelerating Encrypted Deduplication via $\{$SGX$\}$},
    author    = {Ren, Yanjing and Li, Jingwei and Yang, Zuoru and Lee, Patrick PC and Zhang, Xiaosong},
    booktitle = {2021 USENIX Annual Technical Conference (USENIX ATC 21)},
    pages     = {957--971},
    year      = {2021}
}

@inproceedings{li2019metadedup,
    title        = {Metadedup: Deduplicating metadata in encrypted deduplication via indirection},
    author       = {Li, Jingwei and Lee, Patrick PC and Ren, Yanjing and Zhang, Xiaosong},
    booktitle    = {2019 35th Symposium on Mass Storage Systems and Technologies (MSST)},
    pages        = {269--281},
    year         = {2019},
    organization = {IEEE}
}

@inproceedings{li2020balancing,
    title     = {Balancing storage efficiency and data confidentiality with tunable encrypted deduplication},
    author    = {Li, Jingwei and Yang, Zuoru and Ren, Yanjing and Lee, Patrick PC and Zhang, Xiaosong},
    booktitle = {Proceedings of the Fifteenth European Conference on Computer Systems},
    pages     = {1--15},
    year      = {2020}
}