
@digital{gartner2015,
  author = {Gartner},
  title = {Gartner Forecasts 59 Percent Mobile Data Growth Worldwide in 2015},
  type = {EB/OL},
  date = {Dec 12, 2018},
  url = {http://www.gartner.com/newsroom/id/3098617}
}

@article{敖莉2010重复数据删除技术,
  title={重复数据删除技术},
  author={敖莉 and 舒继武 and 李明强},
  journal={软件学报},
  volume={21},
  number={5},
  pages={916-929},
  year={2010},
}


@article{mcknight2006digital,
  title={Digital Archiving: End-User Survey and Market Forecast 2006--2010},
  author={McKnight, John and Asaro, Tony and Babineau, Brian},
  journal={The Enterprise Strategy Group},
  year={2006}
}

@article{2012重复数据删除关键技术研究进展,
  title={重复数据删除关键技术研究进展},
  author={付印金 and 肖侬 and 刘芳},
  journal={计算机研究与发展},
  volume={49},
  number={1},
  pages={12-20},
  year={2012},
}

@digital{EMCDataDomain,
  author = {EMC},
  title = {EMC Data Domain},
  type = {EB/OL},
  date = {Dec 12, 2018},
  url = {http://www.emc.com/en-us/data-protection/data-domain.htm}
}

@digital{Avamar,
  author = {EMC},
  title = {Avamar Deduplication Backup Software and System},
  type = {EB/OL},
  date = {Dec 12, 2018},
  url = {http://www.emc.com/data-protection/avamar.htm}
}

@digital{veritas,
  author = {veritas},
  title = {NetBackup Appliances},
  type = {EB/OL},
  date = {Dec 12, 2018},
  url = {https://www.veritas.com/product/backup-and-recovery/netbackup-appliances.html}
}

@digital{CommVault,
  author = {CommVault},
  title = {CommVault Solutions for Data Protection Backup and Recovery},
  type = {EB/OL},
  date = {Dec 12, 2018},
  url = {http://www.commvault.com/solutions/by-function/data-protection-backup-and-recovery}
}

@article{harnik2010side,
  title={Side channels in cloud services: Deduplication in cloud storage},
  author={Harnik, Danny and Pinkas, Benny and Shulman-Peleg, Alexandra},
  journal={IEEE Security \& Privacy},
  number={6},
  pages={40--47},
  year={2010},
  publisher={IEEE}
}

@inproceedings{bellare2013message,
  title={Message-locked encryption and secure deduplication},
  author={Bellare, Mihir and Keelveedhi, Sriram and Ristenpart, Thomas},
  booktitle={Annual International Conference on the Theory and Applications of Cryptographic Techniques},
  pages={296--312},
  year={2013},
  organization={Springer}
}

@inproceedings{douceur2002reclaiming,
  title={Reclaiming space from duplicate files in a serverless distributed file system},
  author={Douceur, John R and Adya, Atul and Bolosky, William J and Simon, P and Theimer, Marvin},
  booktitle={Distributed Computing Systems, 2002. Proceedings. 22nd International Conference on},
  pages={617--624},
  year={2002},
  organization={IEEE}
}


@digital{MEGA,
  author = {MEGA},
  title = {MEGA},
  type = {EB/OL},
  date = {Dec 12, 2018},
  url = {https://mega.nz}
}

@digital{ElephantDrive,
  author = {ElephantDrive},
  title = {ElephantDrive},
  type = {EB/OL},
  date = {Dec 12, 2018},
  url = {https://www.elephantdrive.com}
}

@digital{Cryptosphere,
  author = {Cryptosphere},
  title = {Cryptosphere},
  type = {EB/OL},
  date = {Dec 12, 2018},
  url = {https://cryptosphere.io}
}

@digital{Freenet,
  author = {Freenet},
  title = {Freenet},
  type = {EB/OL},
  date = {Dec 12, 2018},
  url = {https://freenetproject.org}
}

@digital{GNUP2P,
  author = {GNU},
  title = {GNU’s Framework for Secure Peer-to-peer Networking},
  type = {EB/OL},
  date = {Dec 12, 2018},
  url = {https://gnunet.org}
}

@digital{Tahoe-LAFS,
  author = {Tahoe-LAFS},
  title = {Tahoe-LAFS},
  type = {EB/OL},
  date = {Dec 12, 2018},
  url = {https://tahoe-lafs.org/trac/tahoe-lafs.}
}

@inproceedings{keelveedhi2013dupless,
  title={DupLESS: server-aided encryption for deduplicated storage},
  author={Keelveedhi, Sriram and Bellare, Mihir and Ristenpart, Thomas},
  booktitle={USENIX Security 13},
  pages={179--194},
  year={2013}
}

@article{harnik2010side,
  title={Side channels in cloud services: Deduplication in cloud storage},
  author={Harnik, Danny and Pinkas, Benny and Shulman-Peleg, Alexandra},
  journal={IEEE Security \& Privacy},
  number={6},
  pages={40--47},
  year={2010},
  publisher={IEEE}
}

@inproceedings{duan2014distributed,
  title={Distributed key generation for encrypted deduplication: Achieving the strongest privacy},
  author={Duan, Yitao},
  booktitle={Proceedings of the 6th edition of the ACM Workshop on Cloud Computing Security},
  pages={57--68},
  year={2014},
  organization={ACM}
}

@inproceedings{armknecht2015transparent,
  title={Transparent data deduplication in the cloud},
  author={Armknecht, Frederik and Bohli, Jens-Matthias and Karame, Ghassan O and Youssef, Franck},
  booktitle={Proceedings of the 22nd ACM SIGSAC Conference on Computer and Communications Security},
  pages={886--900},
  year={2015},
  organization={ACM}
}

@inproceedings{liu2015secure,
  title={Secure deduplication of encrypted data without additional independent servers},
  author={Liu, Jian and Asokan, N and Pinkas, Benny},
  booktitle={Proceedings of the 22nd ACM SIGSAC Conference on Computer and Communications Security},
  pages={874--885},
  year={2015},
  organization={ACM}
}

@inproceedings{zhou2015secdep,
  title={SecDep: A user-aware efficient fine-grained secure deduplication scheme with multi-level key management},
  author={Zhou, Yukun and Feng, Dan and Xia, Wen and Fu, Min and Huang, Fangting and Zhang, Yucheng and Li, Chunguang},
  booktitle={Mass Storage Systems and Technologies (MSST), 2015 31st Symposium on},
  pages={1--14},
  year={2015},
  organization={IEEE}
}

@article{li2016secure,
  title={Secure auditing and deduplicating data in cloud},
  author={Li, Jingwei and Li, Jin and Xie, Dongqing and Cai, Zhang},
  journal={IEEE Transactions on Computers},
  volume={65},
  number={8},
  pages={2386--2396},
  year={2016},
  publisher={IEEE}
}

@inproceedings{li2016rekeying,
  title={Rekeying for encrypted deduplication storage},
  author={Li, Jingwei and Qin, Chuan and Lee, Patrick PC and Li, Jin},
  booktitle={Dependable Systems and Networks (DSN), 2016 46th Annual IEEE/IFIP International Conference on},
  pages={618--629},
  year={2016},
  organization={IEEE}
}

@article{qin2017design,
  title={The design and implementation of a rekeying-aware encrypted deduplication storage system},
  author={Qin, Chuan and Li, Jingwei and Lee, Patrick PC},
  journal={ACM Transactions on Storage (TOS)},
  volume={13},
  number={1},
  pages={9},
  year={2017},
  publisher={ACM}
}

@inproceedings{naveed2015inference,
  title={Inference attacks on property-preserving encrypted databases},
  author={Naveed, Muhammad and Kamara, Seny and Wright, Charles V},
  booktitle={Proceedings of the 22nd ACM SIGSAC Conference on Computer and Communications Security},
  pages={644--655},
  year={2015},
  organization={ACM}
}

@incollection{abadi2013message,
  title={Message-locked encryption for lock-dependent messages},
  author={Abadi, Mart{\'\i}n and Boneh, Dan and Mironov, Ilya and Raghunathan, Ananth and Segev, Gil},
  booktitle={Advances in Cryptology--CRYPTO 2013},
  pages={374--391},
  year={2013},
  publisher={Springer}
}

@inproceedings{stanek2014secure,
  title={A secure data deduplication scheme for cloud storage},
  author={Stanek, Jan and Sorniotti, Alessandro and Androulaki, Elli and Kencl, Lukas},
  booktitle={International Conference on Financial Cryptography and Data Security},
  pages={99--118},
  year={2014},
  organization={Springer}
}

@inproceedings{bellare2015interactive,
  title={Interactive message-locked encryption and secure deduplication},
  author={Bellare, Mihir and Keelveedhi, Sriram},
  booktitle={IACR International Workshop on Public Key Cryptography},
  pages={516--538},
  year={2015},
  organization={Springer}
}

@book{katz1996handbook,
  title={Handbook of applied cryptography},
  author={Katz, Jonathan and Menezes, Alfred J and Van Oorschot, Paul C and Vanstone, Scott A},
  year={1996},
  publisher={CRC press}
}

@inproceedings{kumar2007anonymizing,
  title={On anonymizing query logs via token-based hashing},
  author={Kumar, Ravi and Novak, Jasmine and Pang, Bo and Tomkins, Andrew},
  booktitle={Proceedings of the 16th international conference on World Wide Web},
  pages={629--638},
  year={2007},
  organization={ACM}
}

@inproceedings{cash2015leakage,
  title={Leakage-abuse attacks against searchable encryption},
  author={Cash, David and Grubbs, Paul and Perry, Jason and Ristenpart, Thomas},
  booktitle={Proceedings of the 22nd ACM SIGSAC conference on computer and communications security},
  pages={668--679},
  year={2015},
  organization={ACM}
}

@inproceedings{grubbs2016breaking,
  title={Breaking web applications built on top of encrypted data},
  author={Grubbs, Paul and McPherson, Richard and Naveed, Muhammad and Ristenpart, Thomas and Shmatikov, Vitaly},
  booktitle={Proceedings of the 2016 ACM SIGSAC Conference on Computer and Communications Security},
  pages={1353--1364},
  year={2016},
  organization={ACM}
}

@inproceedings{islam2012access,
  title={Access Pattern disclosure on Searchable Encryption: Ramification, Attack and Mitigation.},
  author={Islam, Mohammad Saiful and Kuzu, Mehmet and Kantarcioglu, Murat},
  booktitle={Ndss},
  volume={20},
  pages={12},
  year={2012}
}

@inproceedings{pouliot2016shadow,
  title={The shadow nemesis: Inference attacks on efficiently deployable, efficiently searchable encryption},
  author={Pouliot, David and Wright, Charles V},
  booktitle={Proceedings of the 2016 ACM SIGSAC conference on computer and communications security},
  pages={1341--1352},
  year={2016},
  organization={ACM}
}

@inproceedings{zhang2016all,
  title={All Your Queries Are Belong to Us: The Power of File-Injection Attacks on Searchable Encryption.},
  author={Zhang, Yupeng and Katz, Jonathan and Papamanthou, Charalampos},
  booktitle={USENIX Security Symposium},
  pages={707--720},
  year={2016}
}

@article{bindschaedler2018tao,
  title={The tao of inference in privacy-protected databases},
  author={Bindschaedler, Vincent and Grubbs, Paul and Cash, David and Ristenpart, Thomas and Shmatikov, Vitaly},
  journal={Proceedings of the VLDB Endowment},
  volume={11},
  number={11},
  pages={1715--1728},
  year={2018},
  publisher={VLDB Endowment}
}

@inproceedings{durak2016else,
  title={What else is revealed by order-revealing encryption?},
  author={Durak, F Bet{\"u}l and DuBuisson, Thomas M and Cash, David},
  booktitle={Proceedings of the 2016 ACM SIGSAC Conference on Computer and Communications Security},
  pages={1155--1166},
  year={2016},
  organization={ACM}
}

@inproceedings{grubbs2017leakage,
  title={Leakage-abuse attacks against order-revealing encryption},
  author={Grubbs, Paul and Sekniqi, Kevin and Bindschaedler, Vincent and Naveed, Muhammad and Ristenpart, Thomas},
  booktitle={Security and Privacy (SP), 2017 IEEE Symposium on},
  pages={655--672},
  year={2017},
  organization={IEEE}
}

@inproceedings{kellaris2016generic,
  title={Generic attacks on secure outsourced databases},
  author={Kellaris, Georgios and Kollios, George and Nissim, Kobbi and O'Neill, Adam},
  booktitle={Proceedings of the 2016 ACM SIGSAC Conference on Computer and Communications Security},
  pages={1329--1340},
  year={2016},
  organization={ACM}
}

@inproceedings{lacharite2018improved,
  title={Improved reconstruction attacks on encrypted data using range query leakage},
  author={Lacharit{\'e}, Marie-Sarah and Minaud, Brice and Paterson, Kenneth G},
  booktitle={2018 IEEE Symposium on Security and Privacy (SP)},
  pages={297--314},
  year={2018},
  organization={IEEE}
}

@inproceedings{li2017information,
  title={Information leakage in encrypted deduplication via frequency analysis},
  author={Li, Jingwei and Qin, Chuan and Lee, Patrick PC and Zhang, Xiaosong},
  booktitle={Dependable Systems and Networks (DSN), 2017 47th Annual IEEE/IFIP International Conference on},
  pages={1--12},
  year={2017},
  organization={IEEE}
}

@inproceedings{zhu2008avoiding,
  title={Avoiding the Disk Bottleneck in the Data Domain Deduplication File System.},
  author={Zhu, Benjamin and Li, Kai and Patterson, R Hugo},
  booktitle={Fast},
  volume={8},
  pages={1--14},
  year={2008}
}

@inproceedings{lillibridge2009sparse,
  title={Sparse Indexing: Large Scale, Inline Deduplication Using Sampling and Locality.},
  author={Lillibridge, Mark and Eshghi, Kave and Bhagwat, Deepavali and Deolalikar, Vinay and Trezis, Greg and Camble, Peter},
  booktitle={Fast},
  volume={9},
  pages={111--123},
  year={2009}
}

@inproceedings{halevi2011proofs,
  title={Proofs of ownership in remote storage systems},
  author={Halevi, Shai and Harnik, Danny and Pinkas, Benny and Shulman-Peleg, Alexandra},
  booktitle={Proceedings of the 18th ACM conference on Computer and communications security},
  pages={491--500},
  year={2011},
  organization={Acm}
}

@inproceedings{mulazzani2011dark,
  title={Dark Clouds on the Horizon: Using Cloud Storage as Attack Vector and Online Slack Space.},
  author={Mulazzani, Martin and Schrittwieser, Sebastian and Leithner, Manuel and Huber, Markus and Weippl, Edgar R},
  booktitle={USENIX security symposium},
  pages={65--76},
  year={2011},
  organization={San Francisco, CA, USA}
}

@inproceedings{ritzdorf2016information,
  title={On information leakage in deduplicated storage systems},
  author={Ritzdorf, Hubert and Karame, Ghassan and Soriente, Claudio and {\v{C}}apkun, Srdjan},
  booktitle={Proceedings of the 2016 ACM on Cloud Computing Security Workshop},
  pages={61--72},
  year={2016},
  organization={ACM}
}

@inproceedings{xia2011silo,
  title={SiLo: A Similarity-Locality based Near-Exact Deduplication Scheme with Low RAM Overhead and High Throughput.},
  author={Xia, Wen and Jiang, Hong and Feng, Dan and Hua, Yu},
  booktitle={USENIX annual technical conference},
  pages={26--30},
  year={2011}
}

@inproceedings{bhagwat2009extreme,
  title={Extreme binning: Scalable, parallel deduplication for chunk-based file backup},
  author={Bhagwat, Deepavali and Eshghi, Kave and Long, Darrell DE and Lillibridge, Mark},
  booktitle={Modeling, Analysis \& Simulation of Computer and Telecommunication Systems, 2009. MASCOTS'09. IEEE International Symposium on},
  pages={1--9},
  year={2009},
  organization={IEEE}
}

@inproceedings{sun2016long,
  title={A long-term user-centric analysis of deduplication patterns},
  author={Sun, Zhen and Kuenning, Geoff and Mandal, Sonam and Shilane, Philip and Tarasov, Vasily and Xiao, Nong and others},
  booktitle={Mass Storage Systems and Technologies (MSST), 2016 32nd Symposium on},
  pages={1--7},
  year={2016},
  organization={IEEE}
}

@digital{FSL14,
  author = {FSL},
  title = {{FSL} Traces and Snapshots Public Archive},
  type = {EB/OL},
  date = {Dec 12, 2018},
  url = {http://tracer.filesystems.org/}
}

@article{meyer2012study,
  title={A study of practical deduplication},
  author={Meyer, Dutch T and Bolosky, William J},
  journal={ACM Transactions on Storage (TOS)},
  volume={7},
  number={4},
  pages={14},
  year={2012},
  publisher={ACM}
}

@inproceedings{li2015cdstore,
  title={CDStore: Toward Reliable, Secure, and Cost-Efficient Cloud Storage via Convergent Dispersal.},
  author={Li, Mingqiang and Qin, Chuan and Lee, Patrick PC},
  booktitle={USENIX Annual Technical Conference},
  pages={111--124},
  year={2015}
}

@article{li2016cdstore,
  title={CDStore: Toward Reliable, Secure, and Cost-Efficient Cloud Storage via Convergent Dispersal},
  author={Li, Mingqiang and Qin, Chuan and Li, Jingwei and Lee, Patrick PC},
  journal={IEEE Internet Computing},
  number={3},
  pages={45--53},
  year={2016},
  publisher={IEEE}
}

@article{qin2017design,
  title={The design and implementation of a rekeying-aware encrypted deduplication storage system},
  author={Qin, Chuan and Li, Jingwei and Lee, Patrick PC},
  journal={ACM Transactions on Storage (TOS)},
  volume={13},
  number={1},
  pages={9},
  year={2017},
  publisher={ACM}
}

@digital{SDFS,
  author = {OpenDedup},
  title = {{SDFS}: Opensource Dedup to Cloud and Local storage},
  type = {EB/OL},
  date = {Dec 12, 2018},
  url = {http://opendedup.org/odd/documentation/}
}

@digital{Destor,
  author = {Min Fu},
  title = {{Destor}: a platform for data deduplication evaluation},
  type = {EB/OL},
  date = {Dec 12, 2018},
  url = {https://github.com/fomy/destor}
}

@inproceedings{black2006compare,
  title={Compare-by-Hash: A Reasoned Analysis.},
  author={Black, John},
  booktitle={USENIX Annual Technical Conference, General Track},
  pages={85--90},
  year={2006}
}

@article{rabin1981fingerprinting,
  title={Fingerprinting by random polynomials},
  author={Rabin, Michael O},
  journal={Technical report},
  year={1981},
  publisher={Center for Research in Computing Technology, Harvard University}
}

@inproceedings{jin2009effectiveness,
  title={The effectiveness of deduplication on virtual machine disk images},
  author={Jin, Keren and Miller, Ethan L},
  booktitle={Proceedings of SYSTOR 2009: The Israeli Experimental Systems Conference},
  pages={7},
  year={2009},
  organization={ACM}
}

@article{adya2002farsite,
  title={FARSITE: Federated, available, and reliable storage for an incompletely trusted environment},
  author={Adya, Atul and Bolosky, William J and Castro, Miguel and Cermak, Gerald and Chaiken, Ronnie and Douceur, John R and Howell, Jon and Lorch, Jacob R and Theimer, Marvin and Wattenhofer, Roger P},
  journal={ACM SIGOPS Operating Systems Review},
  volume={36},
  number={SI},
  pages={1--14},
  year={2002},
  publisher={ACM}
}

@article{cox2002pastiche,
  title={Pastiche: Making backup cheap and easy},
  author={Cox, Landon P and Murray, Christopher D and Noble, Brian D},
  journal={ACM SIGOPS Operating Systems Review},
  volume={36},
  number={SI},
  pages={285--298},
  year={2002},
  publisher={ACM}
}

@inproceedings{storer2008secure,
  title={Secure data deduplication},
  author={Storer, Mark W and Greenan, Kevin and Long, Darrell DE and Miller, Ethan L},
  booktitle={Proceedings of the 4th ACM international workshop on Storage security and survivability},
  pages={1--10},
  year={2008},
  organization={ACM}
}

@inproceedings{anderson2010fast,
  title={Fast and Secure Laptop Backups with Encrypted De-duplication.},
  author={Anderson, Paul and Zhang, Le},
  booktitle={LISA},
  year={2010}
}


@inproceedings{wilcox2008tahoe,
  title={Tahoe: the least-authority filesystem},
  author={Wilcox-O'Hearn, Zooko and Warner, Brian},
  booktitle={Proceedings of the 4th ACM international workshop on Storage security and survivability},
  pages={21--26},
  year={2008},
  organization={ACM}
}

@inproceedings{xu2013weak,
  title={Weak leakage-resilient client-side deduplication of encrypted data in cloud storage},
  author={Xu, Jia and Chang, Ee-Chien and Zhou, Jianying},
  booktitle={Proceedings of the 8th ACM SIGSAC symposium on Information, computer and communications security},
  pages={195--206},
  year={2013},
  organization={ACM}
}

@inproceedings{di2012boosting,
  title={Boosting efficiency and security in proof of ownership for deduplication},
  author={Di Pietro, Roberto and Sorniotti, Alessandro},
  booktitle={Proceedings of the 7th ACM Symposium on Information, Computer and Communications Security},
  pages={81--82},
  year={2012},
  organization={ACM}
}

@inproceedings{juels2007pors,
  title={PORs: Proofs of retrievability for large files},
  author={Juels, Ari and Kaliski Jr, Burton S},
  booktitle={Proceedings of the 14th ACM conference on Computer and communications security},
  pages={584--597},
  year={2007},
  organization={Acm}
}

@inproceedings{ateniese2007provable,
  title={Provable data possession at untrusted stores},
  author={Ateniese, Giuseppe and Burns, Randal and Curtmola, Reza and Herring, Joseph and Kissner, Lea and Peterson, Zachary and Song, Dawn},
  booktitle={Proceedings of the 14th ACM conference on Computer and communications security},
  pages={598--609},
  year={2007},
  organization={Acm}
}

@digital{careless-release,
  author = {TechCrunch},
  title = {AOL proudly releases massive amounts of private data},
  type = {EB/OL},
  date = {2006},
  url = {TechCrunch: http://www.techcrunch.com/2006/08/06/aol-proudly-releasesmassive-amounts-of-user-search-data}
}

@digital{stolen-device,
  author = {www.healthitoutcomes.com},
  title = {Lost Devices And Healthcare Data Leakage, Two Sides Of The Same Coin?},
  type = {EB/OL},
  date = {2016},
  url = {https://www.healthitoutcomes.com/doc/lost-devices-and-healthcare-data-leakage-two-sides-of-the-same-coin-0001}
}

@digital{cloud-leakage,
  author = {www.eweek.com},
  title = {Cloud Data Leak Exposes Information on 123 Million Americans},
  type = {EB/OL},
  date = {2018},
  url = {http://www.eweek.com/security/cloud-data-leak-exposes-information-on-123-million-americans}
}

@article{al1992origins,
  title={Origins of cryptology: The Arab contributions},
  author={Al-Kadit, Ibrahim A},
  journal={Cryptologia},
  volume={16},
  number={2},
  pages={97--126},
  year={1992},
  publisher={Taylor \& Francis}
}

@inproceedings{broder1997resemblance,
  title={On the resemblance and containment of documents},
  author={Broder, Andrei Z},
  booktitle={Compression and complexity of sequences 1997. proceedings},
  pages={21--29},
  year={1997},
  organization={IEEE}
}

@article{broder2000min,
  title={Min-wise independent permutations},
  author={Broder, Andrei Z and Charikar, Moses and Frieze, Alan M and Mitzenmacher, Michael},
  journal={Journal of Computer and System Sciences},
  volume={60},
  number={3},
  pages={630--659},
  year={2000},
  publisher={Elsevier}
}

@article{johnson1967hierarchical,
  title={Hierarchical clustering schemes},
  author={Johnson, Stephen C},
  journal={Psychometrika},
  volume={32},
  number={3},
  pages={241--254},
  year={1967},
  publisher={Springer}
}

@article{meyer2012study,
  title={A study of practical deduplication},
  author={Meyer, Dutch T and Bolosky, William J},
  journal={ACM Transactions on Storage (TOS)},
  volume={7},
  number={4},
  pages={14},
  year={2012},
  publisher={ACM}
}

@digital{ms,
  title={Microsoft Traces and Snapshots Public Archive},
  author={Microsoft},
  type = {EB/OL},
  date = {2018},
  url = {http://iotta.snia.org/tracetypes/6}
}

@inproceedings{fu2015design,
  title={Design Tradeoffs for Data Deduplication Performance in Backup Workloads.},
  author={Fu, Min and Feng, Dan and Hua, Yu and He, Xubin and Chen, Zuoning and Xia, Wen and Zhang, Yucheng and Tan, Yujuan},
  booktitle={FAST},
  pages={331--344},
  year={2015}
}

@article{sun2018cluster,
  title={Cluster and Single-Node Analysis of Long-Term Deduplication Patterns},
  author={Sun, Zhen and Kuenning, Geoff and Mandal, Sonam and Shilane, Philip and Tarasov, Vasily and Xiao, Nong and Zadok, Erez and others},
  journal={ACM Transactions on Storage (TOS)},
  volume={14},
  number={2},
  pages={13},
  year={2018},
  publisher={ACM}
}







@inproceedings{zuo2018mitigating,
  title={Mitigating traffic-based side channel attacks in bandwidth-efficient cloud storage},
  author={Zuo, Pengfei and Hua, Yu and Wang, Cong and Xia, Wen and Cao, Shunde and Zhou, Yukun and Sun, Yuanyuan},
  booktitle={2018 IEEE International Parallel and Distributed Processing Symposium (IPDPS)},
  pages={1153--1162},
  year={2018},
  organization={IEEE}
}

@digital{wilcox2008drew,
  title={Drew perttula and attacks on convergent encryption},
  author={Wilcox-O’Hearn, Z},
  type = {EB/OL},
  date = {2008},
  url = {https://tahoe-lafs.org/hacktahoelafs/drew_perttula.html}
}

@inproceedings{armknecht2017side,
  title={Side channels in deduplication: trade-offs between leakage and efficiency},
  author={Armknecht, Frederik and Boyd, Colin and Davies, Gareth T and Gj{\o}steen, Kristian and Toorani, Mohsen},
  booktitle={Proceedings of the 2017 ACM on Asia Conference on Computer and Communications Security},
  pages={266--274},
  year={2017},
  organization={ACM}
}

@inproceedings{grubbs2016breaking,
  title={Breaking web applications built on top of encrypted data},
  author={Grubbs, Paul and McPherson, Richard and Naveed, Muhammad and Ristenpart, Thomas and Shmatikov, Vitaly},
  booktitle={Proceedings of the 2016 ACM SIGSAC Conference on Computer and Communications Security},
  pages={1353--1364},
  year={2016},
  organization={ACM}
}

